@inproceedings{Tessendorf2004,
    title = {Simulating Ocean Surface},
    author = {Jerry Tessendorf},
    booktitle = {Siggraph course notes},
    publisher = {ACM},
    year = {2004}
}


@inproceedings{hinsinger2002,
    TITLE = {{Interactive Animation of Ocean Waves}},
    AUTHOR = {Hinsinger, Damien and Neyret, Fabrice and Cani, Marie-Paule},
    BOOKTITLE = {{ACM-SIGGRAPH - EG Symposium on Computer Animation (SCA'02)}},
    ADDRESS = {San Antonio, United States},
    YEAR = {2002},
    MONTH = Jul,
    DOI = {10.1145/545261.545288},
}

@inproceedings{Angelidis2006a,
    author = {Angelidis, Alexis and Neyret, Fabrice and Singh, Karan and Nowrouzezahrai, Derek},
    title = {A Controllable, Fast and Stable Basis for Vortex Based Smoke Simulation},
    booktitle = {Proceedings of the 2006 ACM SIGGRAPH/Eurographics Symposium on Computer Animation},
    series = {SCA '06},
    year = {2006},
    isbn = {3-905673-34-7},
    location = {Vienna, Austria},
    pages = {25--32},
    numpages = {8},
    url = {http://dl.acm.org/citation.cfm?id=1218064.1218068},
    acmid = {1218068},
    publisher = {Eurographics Association},
    address = {Aire-la-Ville, Switzerland, Switzerland}
}

@article{Angelidis2006b,
    author = {Angelidis, Alexis and Cani, Marie-Paule and Wyvill, Geoff and King, Scott},
    title = {Swirling-sweepers: Constant-volume Modeling},
    journal = {Graph. Models},
    issue_date = {July 2006},
    volume = {68},
    number = {4},
    month = jul,
    year = {2006},
    issn = {1524-0703},
    pages = {324--332},
    numpages = {9},
    url = {http://dx.doi.org/10.1016/j.gmod.2005.11.001},
    doi = {10.1016/j.gmod.2005.11.001},
    acmid = {1162437},
    publisher = {Academic Press Professional, Inc.},
    address = {San Diego, CA, USA},
    keywords = {shape deformation, volume preservation},
} 

@inproceedings{Barnat2011,
    author = {Barnat, Alfred and Li, Zeyang and McCann, James and Pollard, Nancy S.},
    title = {Mid-level Smoke Control for 2D Animation},
    booktitle = {Proceedings of Graphics Interface 2011},
    series = {GI '11},
    year = {2011},
    isbn = {978-1-4503-0693-5},
    location = {St. John's, Newfoundland, Canada},
    pages = {25--32},
    numpages = {8},
    url = {http://dl.acm.org/citation.cfm?id=1992917.1992922},
    acmid = {1992922},
    publisher = {Canadian Human-Computer Communications Society},
    address = {School of Computer Science, University of Waterloo, Waterloo, Ontario, Canada}
} 

@article{Barbic2009,
    author = {Barbi\v{c}, Jernej and da Silva, Marco and Popovi\'{c}, Jovan},
    title = {Deformable Object Animation Using Reduced Optimal Control},
    journal = {ACM Trans. Graph.},
    issue_date = {August 2009},
    volume = {28},
    number = {3},
    month = jul,
    year = {2009},
    issn = {0730-0301},
    pages = {53:1--53:9},
    articleno = {53},
    numpages = {9},
    url = {http://doi.acm.org/10.1145/1531326.1531359},
    doi = {10.1145/1531326.1531359},
    acmid = {1531359},
    publisher = {ACM},
    address = {New York, NY, USA},
    keywords = {control, deformations, keyframes, model reduction, space-time}
} 

@article{Barbic2012,
    author = {Barbi\v{c}, Jernej and Sin, Funshing and Grinspun, Eitan},
    title = {Interactive Editing of Deformable Simulations},
    journal = {ACM Trans. Graph.},
    issue_date = {July 2012},
    volume = {31},
    number = {4},
    month = jul,
    year = {2012},
    issn = {0730-0301},
    pages = {70:1--70:8},
    articleno = {70},
    numpages = {8},
    url = {http://doi.acm.org/10.1145/2185520.2185566},
    doi = {10.1145/2185520.2185566},
    acmid = {2185566},
    publisher = {ACM},
    address = {New York, NY, USA},
    keywords = {animation, contact, edit, interactive, physically based}
} 

@inproceedings{Chenney2000,
    author = {Chenney, Stephen and Forsyth, D. A.},
    title = {Sampling Plausible Solutions to Multi-body Constraint Problems},
    booktitle = {Proceedings of the 27th Annual Conference on Computer Graphics and Interactive Techniques},
    series = {SIGGRAPH '00},
    year = {2000},
    isbn = {1-58113-208-5},
    pages = {219--228},
    numpages = {10},
    url = {http://dx.doi.org/10.1145/344779.344882},
    doi = {10.1145/344779.344882},
    acmid = {344882},
    publisher = {ACM Press/Addison-Wesley Publishing Co.},
    address = {New York, NY, USA},
    keywords = {Markov chain Monte Carlo, motion synthesis, plausible motion, spacetime constraints}
}


@article{Dobashi2008,
    author = {Dobashi, Yoshinori and Kusumoto, Katsutoshi and Nishita, Tomoyuki and Yamamoto, Tsuyoshi},
    title = {Feedback Control of Cumuliform Cloud Formation Based on Computational Fluid Dynamics},
    journal = {ACM Trans. Graph.},
    issue_date = {August 2008},
    volume = {27},
    number = {3},
    month = aug,
    year = {2008},
    issn = {0730-0301},
    pages = {94:1--94:8},
    articleno = {94},
    numpages = {8},
    url = {http://doi.acm.org/10.1145/1360612.1360693},
    doi = {10.1145/1360612.1360693},
    acmid = {1360693},
    publisher = {ACM},
    address = {New York, NY, USA},
    keywords = {clouds, fluid dynamics, simulation control}
} 

@article{Fattal2004,
    author = {Fattal, Raanan and Lischinski, Dani},
    title = {Target-driven Smoke Animation},
    journal = {ACM Trans. Graph.},
    issue_date = {August 2004},
    volume = {23},
    number = {3},
    month = aug,
    year = {2004},
    issn = {0730-0301},
    pages = {441--448},
    numpages = {8},
    url = {http://doi.acm.org/10.1145/1015706.1015743},
    doi = {10.1145/1015706.1015743},
    acmid = {1015743},
    publisher = {ACM},
    address = {New York, NY, USA},
    keywords = {animation control, fluid dynamics, smoke simulation}
} 

@article{Ferley2000,
    TITLE = {{Practical Volumetric Sculpting}},
    AUTHOR = {Ferley, Eric and Cani, Marie-Paule and Gascuel, Jean-Dominique},
    URL = {https://hal.inria.fr/inria-00509977},
    JOURNAL = {{Visual Computer}},
    PUBLISHER = {{Springer Verlag (Germany)}},
    VOLUME = {16},
    NUMBER = {8},
    PAGES = {469--480},
    YEAR = {2000},
    KEYWORDS = {interactive sculpture ; local deformations},
    PDF = {https://hal.inria.fr/inria-00509977/file/FCG99-IS.pdf},
    HAL_ID = {inria-00509977},
    HAL_VERSION = {v1}
}


@inproceedings{funk2006vector,
    title                    = {Vector field based shape deformations},
    author                   = {Wolfram von Funck and Holger Theisel and Hans-Peter Seidel},
    booktitle                  = {ACM TOG, proc. of SIGGRAPH},
    year                     = {2006}
}


@article{Gregson2014,
    author = {Gregson, James and Ihrke, Ivo and Thuerey, Nils and Heidrich, Wolfgang},
    title = {From Capture to Simulation: Connecting Forward and Inverse Problems in Fluids},
    journal = {ACM Trans. Graph.},
    issue_date = {July 2014},
    volume = {33},
    number = {4},
    month = jul,
    year = {2014},
    issn = {0730-0301},
    pages = {139:1--139:11},
    articleno = {139},
    numpages = {11},
    url = {http://doi.acm.org/10.1145/2601097.2601147},
    doi = {10.1145/2601097.2601147},
    acmid = {2601147},
    publisher = {ACM},
    address = {New York, NY, USA},
    keywords = {fluid-capture, optimization, velocity estimation}
} 

@article{Hong2004,
    author = {Hong, Jeong-Mo and Kim, Chang-Hun},
    title = {Controlling Fluid Animation with Geometric Potential: Research Articles},
    journal = {Comput. Animat. Virtual Worlds},
    issue_date = {July 2004},
    volume = {15},
    number = {3-4},
    month = jul,
    year = {2004},
    issn = {1546-4261},
    pages = {147--157},
    numpages = {11},
    url = {http://dx.doi.org/10.1002/cav.v15:3/4},
    doi = {10.1002/cav.v15:3/4},
    acmid = {1071160},
    publisher = {John Wiley and Sons Ltd.},
    address = {Chichester, UK},
    keywords = {computer animation, fluid control, natural simulation, physically based modeling, potential fields, simulation technique}
} 

@inproceedings{horvath2015empirical,
  title={Empirical directional wave spectra for computer graphics},
  author={Horvath, Christopher J},
  booktitle={Proceedings of the 2015 Symposium on Digital Production},
  pages={29--39},
  year={2015},
  organization={ACM}
}

@inproceedings{Huang2011,
    author = {Huang, Ruoguan and Melek, Zeki and Keyser, John},
    title = {Preview-based Sampling for Controlling Gaseous Simulations},
    booktitle = {Proceedings of the 2011 ACM SIGGRAPH/Eurographics Symposium on Computer Animation},
    series = {SCA '11},
    year = {2011},
    isbn = {978-1-4503-0923-3},
    location = {Vancouver, British Columbia, Canada},
    pages = {177--186},
    numpages = {10},
    url = {http://doi.acm.org/10.1145/2019406.2019430},
    doi = {10.1145/2019406.2019430},
    acmid = {2019430},
    publisher = {ACM},
    address = {New York, NY, USA}
} 

@article{Huang2013,
    year={2013},
    issn={0178-2789},
    journal={The Visual Computer},
    volume={29},
    number={6-8},
    doi={10.1007/s00371-013-0798-0},
    title={Automated sampling and control of gaseous simulations},
    url={http://dx.doi.org/10.1007/s00371-013-0798-0},
    publisher={Springer-Verlag},
    keywords={Eulerian simulation; Simulation control; Poisson disk sampling; Bilateral sampling},
    author={Huang, Ruoguan and Keyser, John},
    pages={751-760},
    language={English}
}

@article{Huang2015,
    year={2015},
    issn={1380-7501},
    journal={Multimedia Tools and Applications},
    volume={74},
    number={18},
    doi={10.1007/s11042-014-1992-4},
    title={Physically-based smoke simulation for computer graphics: a survey},
    url={http://dx.doi.org/10.1007/s11042-014-1992-4},
    publisher={Springer US},
    keywords={Smoke and gaseous phenomena; Physically-based methods; Animation control; Real-time rendering},
    author={Huang, Zhanpeng and Gong, Guanghong and Han, Liang},
    pages={7569-7594},
    language={English}
}

@article{jeschke2015water,
    title={Water Wave Animation via Wavefront Parameter Interpolation},
    author={Jeschke, Stefan and Wojtan, Chris},
    journal={ACM Transactions on Graphics (TOG)},
    volume={34},
    number={3},
    pages={27},
    year={2015},
    publisher={ACM}
}

@inproceedings{Kim2006,
    author = {Kim, Yootai and Machiraju, Raghu and Thompson David},
    title = {Path-based Control of Smoke Simulations},
    booktitle = {Proceedings of the 2006 ACM SIGGRAPH/Eurographics Symposium on Computer Animation},
    series = {SCA '06},
    year = {2006},
    isbn = {3-905673-34-7},
    location = {Vienna, Austria},
    pages = {33--42},
    numpages = {10},
    url = {http://dl.acm.org/citation.cfm?id=1218064.1218069},
    acmid = {1218069},
    publisher = {Eurographics Association},
    address = {Aire-la-Ville, Switzerland, Switzerland}
}

@article{kruskal1956shortest,
    title={On the shortest spanning subtree of a graph and the traveling salesman problem},
    author={Kruskal, Joseph B},
    journal={Proceedings of the American Mathematical society},
    volume={7},
    number={1},
    pages={48--50},
    year={1956},
    publisher={JSTOR}
}


@article{Li2014,
    author = {Li, Siwang and Huang, Jin and de Goes, Fernando and Jin, Xiaogang and Bao, Hujun and Desbrun, Mathieu},
    title = {Space-time Editing of Elastic Motion Through Material Optimization and Reduction},
    journal = {ACM Trans. Graph.},
    issue_date = {July 2014},
    volume = {33},
    number = {4},
    month = jul,
    year = {2014},
    issn = {0730-0301},
    pages = {108:1--108:10},
    articleno = {108},
    numpages = {10},
    url = {http://doi.acm.org/10.1145/2601097.2601217},
    doi = {10.1145/2601097.2601217},
    acmid = {2601217},
    publisher = {ACM},
    address = {New York, NY, USA},
    keywords = {elastic animation, model reduction, motion editing, space and time constraints},
}

@inproceedings{Madill2013,
    author = {Madill, Jamie and Mould, David},
    title = {Target Particle Control of Smoke Simulation},
    booktitle = {Proceedings of Graphics Interface 2013},
    series = {GI '13},
    year = {2013},
    isbn = {978-1-4822-1680-6},
    location = {Regina, Sascatchewan, Canada},
    pages = {125--132},
    numpages = {8},
    url = {http://dl.acm.org/citation.cfm?id=2532129.2532151},
    acmid = {2532151},
    publisher = {Canadian Information Processing Society},
    address = {Toronto, Ont., Canada, Canada}
} 

@article{McNamara2004,
    author = {McNamara, Antoine and Treuille, Adrien and Popovi\'{c}, Zoran and Stam, Jos},
    title = {Fluid Control Using the Adjoint Method},
    journal = {ACM Trans. Graph.},
    issue_date = {August 2004},
    volume = {23},
    number = {3},
    month = aug,
    year = {2004},
    issn = {0730-0301},
    pages = {449--456},
    numpages = {8},
    url = {http://doi.acm.org/10.1145/1015706.1015744},
    doi = {10.1145/1015706.1015744},
    acmid = {1015744},
    publisher = {ACM},
    address = {New York, NY, USA},
    keywords = {Adjoint Method, Inverse Control, Optimization}
} 

@inproceedings{Narain2007,
    author = {Narain, Rahul and Kwatra, Vivek and Lee, Huai-Ping and Kim, Theodore and Carlson, Mark and Lin, Ming C.},
    title = {Feature-guided Dynamic Texture Synthesis on Continuous Flows},
    booktitle = {Proceedings of the 18th Eurographics Conference on Rendering Techniques},
    series = {EGSR'07},
    year = {2007},
    isbn = {978-3-905673-52-4},
    location = {Grenoble, France},
    pages = {361--370},
    numpages = {10},
    url = {http://dx.doi.org/10.2312/EGWR/EGSR07/361-370},
    doi = {10.2312/EGWR/EGSR07/361-370},
    acmid = {2383893},
    publisher = {Eurographics Association},
    address = {Aire-la-Ville, Switzerland, Switzerland}
} 

@inproceedings{Nielsen2009,
    author = {Nielsen, Michael B. and Christensen, Brian B. and Zafar, Nafees Bin and Roble, Doug and Museth, Ken},
    title = {Guiding of Smoke Animations Through Variational Coupling of Simulations at Different Resolutions},
    booktitle = {Proceedings of the 2009 ACM SIGGRAPH/Eurographics Symposium on Computer Animation},
    series = {SCA '09},
    year = {2009},
    isbn = {978-1-60558-610-6},
    location = {New Orleans, Louisiana},
    pages = {217--226},
    numpages = {10},
    url = {http://doi.acm.org/10.1145/1599470.1599499},
    doi = {10.1145/1599470.1599499},
    acmid = {1599499},
    publisher = {ACM},
    address = {New York, NY, USA}
} 

@article {Nielsen2010,
    author = {Nielsen, Michael B. and Christensen, Brian B.},
    title = {Improved Variational Guiding of Smoke Animations},
    journal = {Computer Graphics Forum},
    volume = {29},
    number = {2},
    publisher = {Blackwell Publishing Ltd},
    issn = {1467-8659},
    url = {http://dx.doi.org/10.1111/j.1467-8659.2009.01640.x},
    doi = {10.1111/j.1467-8659.2009.01640.x},
    pages = {705--712},
    keywords = {Computer Graphics [I.3.7]: Animation},
    year = {2010}
}

@article{Nielsen2011,
    author = {Nielsen, Michael B. and Bridson, Robert},
    title = {Guide Shapes for High Resolution Naturalistic Liquid Simulation},
    journal = {ACM Trans. Graph.},
    issue_date = {July 2011},
    volume = {30},
    number = {4},
    month = jul,
    year = {2011},
    issn = {0730-0301},
    pages = {83:1--83:8},
    articleno = {83},
    numpages = {8},
    url = {http://doi.acm.org/10.1145/2010324.1964978},
    doi = {10.1145/2010324.1964978},
    acmid = {1964978},
    publisher = {ACM},
    address = {New York, NY, USA},
    keywords = {animation, constructive solid geometry, fluid modeling, fluid simulation, physically based animation}
} 

@article{Okabe2015,
    author = {Okabe, Makoto and Dobashi, Yoshinori and Anjyo, Ken and Onai, Rikio},
    title = {Fluid Volume Modeling from Sparse Multi-view Images by Appearance Transfer},
    journal = {ACM Trans. Graph.},
    issue_date = {August 2015},
    volume = {34},
    number = {4},
    month = jul,
    year = {2015},
    issn = {0730-0301},
    pages = {93:1--93:10},
    articleno = {93},
    numpages = {10},
    url = {http://doi.acm.org/10.1145/2766958},
    doi = {10.1145/2766958},
    acmid = {2766958},
    publisher = {ACM},
    address = {New York, NY, USA},
    keywords = {image-based modeling, natural phenomena animation, single-view modeling, texture analysis/synthesis, volume modeling}
} 

@article{Pan2013,
    author = {Pan, Zherong and Huang, Jin and Tong, Yiying and Zheng, Changxi and Bao, Hujun},
    title = {Interactive Localized Liquid Motion Editing},
    journal = {ACM Trans. Graph.},
    issue_date = {November 2013},
    volume = {32},
    number = {6},
    month = nov,
    year = {2013},
    issn = {0730-0301},
    pages = {184:1--184:10},
    articleno = {184},
    numpages = {10},
    url = {http://doi.acm.org/10.1145/2508363.2508429},
    doi = {10.1145/2508363.2508429},
    acmid = {2508429},
    publisher = {ACM},
    address = {New York, NY, USA},
    keywords = {deformation, fluid simulation, sketch}
} 

@inproceedings{Pighin2004,
    author = {Pighin, Fr{\'e}d{\'e}ric and Cohen, Jonathan M. and Shah, Maurya},
    title = {Modeling and Editing Flows Using Advected Radial Basis Functions},
    booktitle = {Proceedings of the 2004 ACM SIGGRAPH/Eurographics Symposium on Computer Animation},
    series = {SCA '04},
    year = {2004},
    isbn = {3-905673-14-2},
    location = {Grenoble, France},
    pages = {223--232},
    numpages = {10},
    url = {http://dx.doi.org/10.1145/1028523.1028552},
    doi = {10.1145/1028523.1028552},
    acmid = {1028552},
    publisher = {Eurographics Association},
    address = {Aire-la-Ville, Switzerland, Switzerland}
} 

@article{Ponchio2008,
    author       = "Ponchio, Federico and Hormann, Kai",
    title        = "Interactive Rendering of Dynamic Geometry",
    journal      = "IEEE Transaction on Visualization and Computer Graphics",
    number       = "4",
    volume       = "14",
    pages        = "914--925",
    month        = "Jul",
    year         = "2008",
    keywords     = "dynamic meshs, multiresolution, animation, GPU",
    url          = "http://vcg.isti.cnr.it/Publications/2008/PH08"
}

@inproceedings{Popovic2000,
    author = {Popovi\'{c}, Jovan and Seitz, Steven M. and Erdmann, Michael and Popovi\'{c}, Zoran and Witkin, Andrew},
    title = {Interactive Manipulation of Rigid Body Simulations},
    booktitle = {Proceedings of the 27th Annual Conference on Computer Graphics and Interactive Techniques},
    series = {SIGGRAPH '00},
    year = {2000},
    isbn = {1-58113-208-5},
    pages = {209--217},
    numpages = {9},
    url = {http://dx.doi.org/10.1145/344779.344880},
    doi = {10.1145/344779.344880},
    acmid = {344880},
    publisher = {ACM Press/Addison-Wesley Publishing Co.},
    address = {New York, NY, USA},
    keywords = {animation with constraints, physically based animation},
} 

@inproceedings{Raveendran2012,
    author = {Raveendran, Karthik and Thuerey, Nils and Wojtan, Chris and Turk, Greg},
    title = {Controlling Liquids Using Meshes},
    booktitle = {Proceedings of the ACM SIGGRAPH/Eurographics Symposium on Computer Animation},
    series = {SCA '12},
    year = {2012},
    isbn = {978-3-905674-37-8},
    location = {Lausanne, Switzerland},
    pages = {255--264},
    numpages = {10},
    url = {http://dl.acm.org/citation.cfm?id=2422356.2422393},
    acmid = {2422393},
    publisher = {Eurographics Association},
    address = {Aire-la-Ville, Switzerland, Switzerland},
}

@article{Raveendran2014,
    author = {Raveendran, Karthik and Wojtan, Chris and Thuerey, Nils and Turk, Greg},
    title = {Blending Liquids},
    journal = {ACM Trans. Graph.},
    issue_date = {July 2014},
    volume = {33},
    number = {4},
    month = jul,
    year = {2014},
    issn = {0730-0301},
    pages = {137:1--137:10},
    articleno = {137},
    numpages = {10},
    url = {http://doi.acm.org/10.1145/2601097.2601126},
    doi = {10.1145/2601097.2601126},
    acmid = {2601126},
    publisher = {ACM},
    address = {New York, NY, USA},
    keywords = {fluid simulation, non-rigid registration, shape blending}
} 

@inproceedings{Sato2014,
    author = {Sato, Syuhei and Dobashi, Yoshinori and Iwasaki, Kei and Yamamoto, Tsuyoshi and Nishita, Tomoyuki},
    title = {Deformation of 2D Flow Fields Using Stream Functions},
    booktitle = {SIGGRAPH Asia 2014 Technical Briefs},
    series = {SA '14},
    year = {2014},
    isbn = {978-1-4503-2895-1},
    location = {Shenzhen, China},
    pages = {4:1--4:4},
    articleno = {4},
    numpages = {4},
    url = {http://doi.acm.org/10.1145/2669024.2669039},
    doi = {10.1145/2669024.2669039},
    acmid = {2669039},
    publisher = {ACM},
    address = {New York, NY, USA},
    keywords = {flow field deformation, fluid simulation, moving least squares, stream function}
}

@inproceedings{schmidt2010meshmixer,
    title={Meshmixer: an interface for rapid mesh composition},
    author={Schmidt, Ryan and Singh, Karan},
    booktitle={ACM SIGGRAPH 2010 Talks},
    year={2010},
    organization={ACM}
}


@inproceedings{Schpok2005,
    author = {Schpok, Joshua and Dwyer, William and Ebert, David S.},
    title = {Modeling and Animating Gases with Simulation Features},
    booktitle = {Proceedings of the 2005 ACM SIGGRAPH/Eurographics Symposium on Computer Animation},
    series = {SCA '05},
    year = {2005},
    isbn = {1-59593-198-8},
    location = {Los Angeles, California},
    pages = {97--105},
    numpages = {9},
    url = {http://doi.acm.org/10.1145/1073368.1073381},
    doi = {10.1145/1073368.1073381},
    acmid = {1073381},
    publisher = {ACM},
    address = {New York, NY, USA}
}

@article{Schulz2014,
    author = {Schulz, Christian and von Tycowicz, Christoph and Seidel, Hans-Peter and Hildebrandt, Klaus},
    title = {Animating Deformable Objects Using Sparse Spacetime Constraints},
    journal = {ACM Trans. Graph.},
    issue_date = {July 2014},
    volume = {33},
    number = {4},
    month = jul,
    year = {2014},
    issn = {0730-0301},
    pages = {109:1--109:10},
    articleno = {109},
    numpages = {10},
    url = {http://doi.acm.org/10.1145/2601097.2601156},
    doi = {10.1145/2601097.2601156},
    acmid = {2601156},
    publisher = {ACM},
    address = {New York, NY, USA},
    keywords = {model reduction, optimal control, physically-based animation, spacetime constraints, wiggly splines}
}

@article{Serra1986,
    title={Introduction to mathematical morphology},
    author={Serra, Jean},
    journal={Computer vision, graphics, and image processing},
    volume={35},
    number={3},
    pages={283--305},
    year={1986},
    publisher={Academic Press}
}

@inproceedings{Shi2005a,
    author = {Shi, Lin and Yu, Yizhou},
    title = {Taming Liquids for Rapidly Changing Targets},
    booktitle = {Proceedings of the 2005 ACM SIGGRAPH/Eurographics Symposium on Computer Animation},
    series = {SCA '05},
    year = {2005},
    isbn = {1-59593-198-8},
    location = {Los Angeles, California},
    pages = {229--236},
    numpages = {8},
    url = {http://doi.acm.org/10.1145/1073368.1073401},
    doi = {10.1145/1073368.1073401},
    acmid = {1073401},
    publisher = {ACM},
    address = {New York, NY, USA}
} 

@article{Shi2005b,
    author = {Shi, Lin and Yu, Yizhou},
    title = {Controllable Smoke Animation with Guiding Objects},
    journal = {ACM Trans. Graph.},
    issue_date = {January 2005},
    volume = {24},
    number = {1},
    month = jan,
    year = {2005},
    issn = {0730-0301},
    pages = {140--164},
    numpages = {25},
    url = {http://doi.acm.org/10.1145/1037957.1037965},
    doi = {10.1145/1037957.1037965},
    acmid = {1037965},
    publisher = {ACM},
    address = {New York, NY, USA},
    keywords = {Constrained animation, fluid simulation, implicit functions, level sets, shape matching, shape transformations, velocity constraints}
} 


@inproceedings{stanculescu2011freestyle,
    title                    = {Freestyle: Sculpting meshes with self-adaptive topology},
    author                   = {Stanculescu, Lucian and Chaine, Rapha{\"e}lle and Cani, Marie-Paule},
    booktitle                  = {Computers \& Graphics},
    year                     = {2011}
}


@article{Takayama2011,
    author = {Kenshi Takayama and Ryan Schmidt and Karan Singh and Takeo Igarashi and Tamy Boubekeur and Olga Sorkine},
    title = {GeoBrush: Interactive Mesh Geometry Cloning},
    journal = {Computer Graphics Forum (proceedings of EUROGRAPHICS)},
    volume = {30},
    number = {2},
    year = {2011},
    pages = {613--622},
}

@inproceedings{Thurey2006,
    author = {Th\"{u}rey, N. and Keiser, R. and Pauly, M. and R\"{u}de, U.},
    title = {Detail-preserving Fluid Control},
    booktitle = {Proceedings of the 2006 ACM SIGGRAPH/Eurographics Symposium on Computer Animation},
    series = {SCA '06},
    year = {2006},
    isbn = {3-905673-34-7},
    location = {Vienna, Austria},
    pages = {7--12},
    numpages = {6},
    url = {http://dl.acm.org/citation.cfm?id=1218064.1218066},
    acmid = {1218066},
    publisher = {Eurographics Association},
    address = {Aire-la-Ville, Switzerland, Switzerland}
} 

@article{Treuille2003,
    author = {Treuille, Adrien and McNamara, Antoine and Popovi\'{c}, Zoran and Stam, Jos},
    title = {Keyframe Control of Smoke Simulations},
    journal = {ACM Trans. Graph.},
    issue_date = {July 2003},
    volume = {22},
    number = {3},
    month = jul,
    year = {2003},
    issn = {0730-0301},
    pages = {716--723},
    numpages = {8},
    url = {http://doi.acm.org/10.1145/882262.882337},
    doi = {10.1145/882262.882337},
    acmid = {882337},
    publisher = {ACM},
    address = {New York, NY, USA},
    keywords = {fluid simulation, inverse control, optimization}
} 

@article{Twigg2007,
    author = {Twigg, Christopher D. and James, Doug L.},
    title = {Many-worlds Browsing for Control of Multibody Dynamics},
    journal = {ACM Trans. Graph.},
    issue_date = {July 2007},
    volume = {26},
    number = {3},
    month = jul,
    year = {2007},
    issn = {0730-0301},
    articleno = {14},
    url = {http://doi.acm.org/10.1145/1276377.1276395},
    doi = {10.1145/1276377.1276395},
    acmid = {1276395},
    publisher = {ACM},
    address = {New York, NY, USA},
    keywords = {browsing, control, data-driven animation, interactive animation, rigid body dynamics}
} 

@article{WeiBmann2014,
    author = {Weissmann, Steffen and Pinkall, Ulrich and Schr\"{o}der, Peter},
    title = {Smoke Rings from Smoke},
    journal = {ACM Trans. Graph.},
    issue_date = {July 2014},
    volume = {33},
    number = {4},
    month = jul,
    year = {2014},
    issn = {0730-0301},
    pages = {140:1--140:8},
    articleno = {140},
    numpages = {8},
    url = {http://doi.acm.org/10.1145/2601097.2601171},
    doi = {10.1145/2601097.2601171},
    acmid = {2601171},
    publisher = {ACM},
    address = {New York, NY, USA},
    keywords = {DEC, Schr\"{o}dinger operator, fluid simulation, hairpin removal, hybrid methods, vortex filaments, vortex reconnection}
}

@InProceedings{Witkin1988,
    Title                    = {Spacetime Constraints},
    Author                   = {Witkin, Andrew and Kass, Michael},
    Booktitle                = {Proceedings of the 15th Annual Conference on Computer Graphics and Interactive Techniques}, 
    Year                     = {1988},

    Address                  = {New York, NY, USA},
    Pages                    = {159--168},
    Publisher                = {ACM},
    Series                   = {SIGGRAPH '88},

    Acmid                    = {378507},
    Doi                      = {10.1145/54852.378507},
    ISBN                     = {0-89791-275-6},
    Keywords                 = {animation, constraints},
    Numpages                 = {10},
    Url                      = {http://doi.acm.org/10.1145/54852.378507}
}


@inproceedings{wojtan2006keyframe,
    title={Keyframe control of complex particle systems using the adjoint method},
    author={Wojtan, Chris and Mucha, Peter J and Turk, Greg},
    booktitle={Proceedings of the 2006 ACM SIGGRAPH/Eurographics symposium on Computer animation},
    pages={15--23},
    year={2006},
    organization={Eurographics Association}
}

@article{Yang2013,
    author = {Yang, Ben and Liu, Youquan and You, Lihua and Jin, Xiaogang},
    title = {Technical Section: A Unified Smoke Control Method Based on Signed Distance Field},
    journal = {Comput. Graph.},
    issue_date = {November, 2013},
    volume = {37},
    number = {7},
    month = nov,
    year = {2013},
    issn = {0097-8493},
    pages = {775--786},
    numpages = {12},
    url = {http://dx.doi.org/10.1016/j.cag.2013.05.001},
    doi = {10.1016/j.cag.2013.05.001},
    acmid = {2533422},
    publisher = {Pergamon Press, Inc.},
    address = {Elmsford, NY, USA},
    keywords = {Control algorithm, Mixed control, Path control, Shape control, Smoke animation}
} 

@article{Yuan2011,
    author = {Yuan, Zhi and Chen, Fan and Zhao, Ye},
    title = {Pattern-guided Smoke Animation with Lagrangian Coherent Structure},
    journal = {ACM Trans. Graph.},
    issue_date = {December 2011},
    volume = {30},
    number = {6},
    month = dec,
    year = {2011},
    issn = {0730-0301},
    pages = {136:1--136:8},
    articleno = {136},
    numpages = {8},
    url = {http://doi.acm.org/10.1145/2070781.2024170},
    doi = {10.1145/2070781.2024170},
    acmid = {2024170},
    publisher = {ACM},
    address = {New York, NY, USA},
    keywords = {Lagrangian coherent structure, finite time Lyapunov exponent, flow pattern, fluid simulation, smoke animation design}
}

@inproceedings{Zhao2010,
    author = {Zhao, Ye and Yuan, Zhi and Chen, Fan},
    title = {Enhancing Fluid Animation with Adaptive, Controllable and Intermittent Turbulence},
    booktitle = {Proceedings of the 2010 ACM SIGGRAPH/Eurographics Symposium on Computer Animation},
    series = {SCA '10},
    year = {2010},
    location = {Madrid, Spain},
    pages = {75--84},
    numpages = {10},
    url = {http://dl.acm.org/citation.cfm?id=1921427.1921439},
    acmid = {1921439},
    publisher = {Eurographics Association},
    address = {Aire-la-Ville, Switzerland, Switzerland},
    keywords = {Kolmogorov, animation control, fluid simulation, intermittency, random forcing, turbulence}
} 

@inproceedings{zhu2005animating,
    title={Animating sand as a fluid},
    author={Zhu, Yongning and Bridson, Robert},
    booktitle={ACM Transactions on Graphics (TOG)},
    volume={24},
    number={3},
    pages={965--972},
    year={2005},
    organization={ACM}
}

@article{Zhu2011,
    author = {Zhu, Bo and Iwata, Michiaki and Haraguchi, Ryo and Ashihara, Takashi and Umetani, Nobuyuki and Igarashi, Takeo and Nakazawa, Kazuo},
    title = {Sketch-based Dynamic Illustration of Fluid Systems},
    journal = {ACM Trans. Graph.},
    issue_date = {December 2011},
    volume = {30},
    number = {6},
    month = dec,
    year = {2011},
    issn = {0730-0301},
    pages = {134:1--134:8},
    articleno = {134},
    numpages = {8},
    url = {http://doi.acm.org/10.1145/2070781.2024168},
    doi = {10.1145/2070781.2024168},
    acmid = {2024168},
    publisher = {ACM},
    address = {New York, NY, USA},
    keywords = {dynamic illustration, real-time fluid simulation, sketch interface}
} 

@article{stam1999,
    author = {Jos Stam},
    title = {Stable Fluids},
    journal = {ACM SIGGRAPH},
    year = {1999} ,
    pages = {121--128}
}

@article {Takahashi2003,
    author = {Takahashi, Tsunemi and Fujii, Hiroko and Kunimatsu, Atsushi and Hiwada, Kazuhiro and Saito, Takahiro and Tanaka, Ken and Ueki, Heihachi},
    title = {Realistic Animation of Fluid with Splash and Foam},
    journal = {Computer Graphics Forum},
    volume = {22},
    number = {3},
    publisher = {Blackwell Publishing, Inc},
    issn = {1467-8659},
    url = {http://dx.doi.org/10.1111/1467-8659.00686},
    doi = {10.1111/1467-8659.00686},
    pages = {391--400},
    keywords = {Animation, Computational, Fluid Dynamics, Natural Phenomena, Physically-Based Modeling, Rendering},
    year = {2003}
}

@article{Ihmsen2012,
    author = {Ihmsen, Markus and Akinci, Nadir and Akinci, Gizem and Teschner, Matthias},
    title = {Unified Spray, Foam and Air Bubbles for Particle-based Fluids},
    journal = {Vis. Comput.},
    issue_date = {June 2012},
    volume = {28},
    number = {6-8},
    month = jun,
    year = {2012},
    issn = {0178-2789},
    pages = {669--677},
    numpages = {9},
    url = {http://dx.doi.org/10.1007/s00371-012-0697-9},
    doi = {10.1007/s00371-012-0697-9},
    acmid = {2346835},
    publisher = {Springer-Verlag New York, Inc.},
    address = {Secaucus, NJ, USA},
    keywords = {Fluids, Particles},
} 

@article{ihmsen2014,
    author = {Markus Ihmsen and Jens Orthmann and Barbara Solenthaler and Andreas Kolb and Matthias Teschner},
    title = {{SPH} Fluids in Computer Graphics},
    journal = {EUROGRAPHICS State of the Art Report},
    year = {2014}
}

@article{Fournier1986,
    author = {Alain Fournier and W. Reeves},
    title = {A Simple Model of Ocean Waves},
    journal = {Computer Graphics, Proc. ACM SIGGRAPH},
    volume = {20},
    number = {4},
    pages = {75--84},
    year = {1986}
}

% references about mathematical morphology on meshes

@article{lomenie2008,
    TITLE = {MorphologicalMesh Filtering and -objects},
    AUTHOR = {Lom{\'e}nie, Nicolas and Stamon, Georges},
    URL = {https://hal.archives-ouvertes.fr/hal-00873440},
    JOURNAL = {Pattern Recognition Letters},
    VOLUME = {29},
    NUMBER = {10},
    PAGES = {1571-1579},
    YEAR = {2008},
    MONTH = Jul
}
