@inproceedings{Manteaux2013,
    author = {Manteaux, Pierre-Luc and Faure, Fran{\c{c}}ois and Redon, Stephane and Cani, Marie-Paule},
    title = {Exploring the Use of Adaptively Restrained Particles for Graphics Simulations},
    url = {https://hal.inria.fr/hal-00914653},
    booktitle = {VRIPHYS 2013 - 10th Workshop on Virtual Reality Interaction and Physical Simulation},
    address = {Lille, France},
    publisher = {Eurographics Association},
    series = {VRIPHYS 2013 - 10th Workshop on Virtual Reality Interaction and Physical Simulation},
    pages = {17-24},
    year = {2013},
    doi = {10.2312/PE.vriphys.vriphys13.017-024},
    keywords = {Motion , Physically based modeling , Adaptivity , Particle system},
}

@inproceedings{Manteaux2015,
    author = {Manteaux, Pierre-Luc and Sun, Wei-Lun and Faure, Fran{\c{c}}ois and Cani, Marie-Paule and O'Brien, James F.},
    title = {Interactive Detailed Cutting of Thin Sheets},
    booktitle = {Proceedings of the 8th ACM SIGGRAPH Conference on Motion in Games},
    series = {MIG '15},
    year = {2015},
    isbn = {978-1-4503-3991-9},
    location = {Paris, France},
    pages = {125--132},
    numpages = {8},
    url = {http://doi.acm.org/10.1145/2822013.2822018},
    doi = {10.1145/2822013.2822018},
    acmid = {2822018},
    publisher = {ACM},
    address = {New York, NY, USA},
    keywords = {cutting, interactive, physics-based animation, thin sheets},
} 

@inproceedings{Lejemble2015,
    author = {Lejemble, Thibault and Fondevilla, Am{\'e}lie and Durin, Nicolas and Blanc-Beyne, Thibault and Schreck, Camille and Manteaux, Pierre-Luc and Kry, Paul G. and Cani, Marie-Paule},
    title = {Interactive Procedural Simulation of Paper Tearing with Sound},
    booktitle = {Proceedings of the 8th ACM SIGGRAPH Conference on Motion in Games},
    series = {MIG '15},
    year = {2015},
    isbn = {978-1-4503-3991-9},
    location = {Paris, France},
    pages = {143--149},
    numpages = {7},
    url = {http://doi.acm.org/10.1145/2822013.2822029},
    doi = {10.1145/2822013.2822029},
    acmid = {2822029},
    publisher = {ACM},
    address = {New York, NY, USA},
    keywords = {paper, real-time, sound, tearing},
} 
