@inproceedings{Witkin1988,
    author = {Witkin, Andrew and Kass, Michael},
    title = {Spacetime Constraints},
    booktitle = {Proceedings of the 15th Annual Conference on Computer Graphics and Interactive Techniques},
    series = {SIGGRAPH '88},
    year = {1988},
    isbn = {0-89791-275-6},
    pages = {159--168},
    numpages = {10},
    url = {http://doi.acm.org/10.1145/54852.378507},
    doi = {10.1145/54852.378507},
    acmid = {378507},
    publisher = {ACM},
    address = {New York, NY, USA},
    keywords = {animation, constraints}
} 
