% This file was created with JabRef 2.10b2.
% Encoding: UTF-8


@Article{Adams2007,
  Title                    = {Adaptively Sampled Particle Fluids},
  Author                   = {Adams, Bart and Pauly, Mark and Keiser, Richard and Guibas, Leonidas J.},
  Journal                  = {ACM Trans. Graph.},
  Year                     = {2007},

  Month                    = jul,
  Number                   = {3},
  Volume                   = {26},

  Acmid                    = {1276437},
  Address                  = {New York, NY, USA},
  Articleno                = {48},
  Doi                      = {10.1145/1276377.1276437},
  ISSN                     = {0730-0301},
  Issue_date               = {July 2007},
  Keywords                 = {adaptive, element refinement, fluid},
  Publisher                = {ACM},
  Url                      = {http://doi.acm.org/10.1145/1276377.1276437}
}

@Article{Ainsley2012,
  Title                    = {Speculative Parallel Asynchronous Contact Mechanics},
  Author                   = {Ainsley, Samantha and Vouga, Etienne and Grinspun, Eitan and Tamstorf, Rasmus},
  Journal                  = {ACM Trans. Graph.},
  Year                     = {2012},

  Month                    = nov,
  Number                   = {6},
  Pages                    = {151:1--151:8},
  Volume                   = {31},

  Acmid                    = {2366170},
  Address                  = {New York, NY, USA},
  Articleno                = {151},
  Doi                      = {10.1145/2366145.2366170},
  ISSN                     = {0730-0301},
  Issue_date               = {November 2012},
  Keywords                 = {collision, contact, parallelization, simulation, adaptive, temporal adaptivity, cloth},
  Numpages                 = {8},
  Publisher                = {ACM},
  Url                      = {http://doi.acm.org/10.1145/2366145.2366170}
}

@InProceedings{Akinci2012a,
  Title                    = {{An Efficient Surface Reconstruction Pipeline for Particle-Based Fluids}},
  Author                   = {Akinci, Gizem and Akinci, Nadir and Ihmsen, Markus and Teschner, Matthias},
  Booktitle                = {Workshop on Virtual Reality Interaction and Physical Simulation},
  Year                     = {2012},
  Editor                   = {Jan Bender and Arjan Kuijper and Dieter W. Fellner and Eric Guerin},
  Publisher                = {The Eurographics Association},

  Doi                      = {10.2312/PE/vriphys/vriphys12/061-068},
  ISBN                     = {978-3-905673-96-8}
}

@Article{Akinci2013,
  Title                    = {Versatile Surface Tension and Adhesion for SPH Fluids},
  Author                   = {Akinci, Nadir and Akinci, Gizem and Teschner, Matthias},
  Journal                  = {ACM Trans. Graph.},
  Year                     = {2013},

  Month                    = nov,
  Number                   = {6},
  Pages                    = {182:1--182:8},
  Volume                   = {32},

  Acmid                    = {2508395},
  Address                  = {New York, NY, USA},
  Articleno                = {182},
  Doi                      = {10.1145/2508363.2508395},
  ISSN                     = {0730-0301},
  Issue_date               = {November 2013},
  Keywords                 = {adhesion, fluid simulation, physically-based animation, smoothed particle hydrodynamics, surface tension},
  Numpages                 = {8},
  Publisher                = {ACM},
  Url                      = {http://doi.acm.org/10.1145/2508363.2508395}
}

@Article{Akinci2012b,
  Title                    = {Versatile Rigid-fluid Coupling for Incompressible SPH},
  Author                   = {Akinci, Nadir and Ihmsen, Markus and Akinci, Gizem and Solenthaler, Barbara and Teschner, Matthias},
  Journal                  = {ACM Trans. Graph.},
  Year                     = {2012},

  Month                    = jul,
  Number                   = {4},
  Pages                    = {62:1--62:8},
  Volume                   = {31},

  Acmid                    = {2185558},
  Address                  = {New York, NY, USA},
  Articleno                = {62},
  Doi                      = {10.1145/2185520.2185558},
  ISSN                     = {0730-0301},
  Issue_date               = {July 2012},
  Keywords                 = {fluid simulation, fluid-solid coupling, physically-based animation, smoothed particle hydrodynamics},
  Numpages                 = {8},
  Publisher                = {ACM},
  Url                      = {http://doi.acm.org/10.1145/2185520.2185558}
}

@InProceedings{Allard2007,
  Title                    = {{SOFA - an Open Source Framework for Medical Simulation}},
  Author                   = {Allard, J{\'e}r{\'e}mie and Cotin, St{\'e}phane and Faure, Fran{\c c}ois and Bensoussan, Pierre-Jean and Poyer, Fran{\c c}ois and Duriez, Christian and Delingette, Herv{\'e} and Grisoni, Laurent},
  Booktitle                = {{MMVR 15 - Medicine Meets Virtual Reality}},
  Year                     = {2007},

  Address                  = {Palm Beach, United States},
  Month                    = Feb,
  Pages                    = {13-18},
  Publisher                = {{IOP Press}},
  Series                   = {Studies in Health Technology and Informatics},
  Volume                   = {125},

  File                     = {MMVR07.pdf:https\://hal.inria.fr/inria-00319416/file/MMVR07.pdf:PDF},
  Hal_id                   = {inria-00319416},
  Hal_version              = {v1},
  Url                      = {https://hal.inria.fr/inria-00319416}
}

@Article{Alliez2005,
  Title                    = {Variational Tetrahedral Meshing},
  Author                   = {Alliez, Pierre and Cohen-Steiner, David and Yvinec, Mariette and Desbrun, Mathieu},
  Journal                  = {ACM Trans. Graph.},
  Year                     = {2005},

  Month                    = jul,
  Number                   = {3},
  Pages                    = {617--625},
  Volume                   = {24},

  Acmid                    = {1073238},
  Address                  = {New York, NY, USA},
  Doi                      = {10.1145/1073204.1073238},
  ISSN                     = {0730-0301},
  Issue_date               = {July 2005},
  Keywords                 = {delaunay mesh, isotropic meshing, sizing field, slivers},
  Numpages                 = {9},
  Publisher                = {ACM},
  Url                      = {http://doi.acm.org/10.1145/1073204.1073238}
}

@InCollection{Alliez2008,
  Title                    = {Recent Advances in Remeshing of Surfaces},
  Author                   = {Alliez, Pierre and Ucelli, Giuliana and Gotsman, Craig and Attene, Marco},
  Booktitle                = {Shape Analysis and Structuring},
  Publisher                = {Springer Berlin Heidelberg},
  Year                     = {2008},
  Editor                   = {De Floriani, Leila and Spagnuolo, Michela},
  Pages                    = {53-82},
  Series                   = {Mathematics and Visualization},

  Doi                      = {10.1007/978-3-540-33265-7_2},
  ISBN                     = {978-3-540-33264-0},
  Language                 = {English},
  Url                      = {http://dx.doi.org/10.1007/978-3-540-33265-7_2}
}

@Article{AKJ08,
  Title                    = {Optimizing cubature for efficient integration of subspace deformations},
  Author                   = {Steven S. An and Theodore Kim and Doug L. James},
  Journal                  = {ACM Trans. Graph.},
  Year                     = {2008},
  Number                   = {5},
  Pages                    = {1--10},
  Volume                   = {27},

  Address                  = {New York, NY, USA},
  Doi                      = {http://doi.acm.org/10.1145/1409060.1409118},
  ISSN                     = {0730-0301},
  Publisher                = {ACM}
}

@Article{Ando2013,
  Title                    = {Highly Adaptive Liquid Simulations on Tetrahedral Meshes},
  Author                   = {Ando, Ryoichi and Th\"{u}rey, Nils and Wojtan, Chris},
  Journal                  = {ACM Trans. Graph.},
  Year                     = {2013},

  Month                    = jul,
  Number                   = {4},
  Pages                    = {103:1--103:10},
  Volume                   = {32},

  Acmid                    = {2461982},
  Address                  = {New York, NY, USA},
  Articleno                = {103},
  Doi                      = {10.1145/2461912.2461982},
  ISSN                     = {0730-0301},
  Issue_date               = {July 2013},
  Keywords                 = {adaptivity, fluid simulation, tetrahedral discretization, adaptive, element refinement, fluid},
  Numpages                 = {10},
  Publisher                = {ACM},
  Url                      = {http://doi.acm.org/10.1145/2461912.2461982}
}

@Article{Ando2012,
  Title                    = {Preserving Fluid Sheets with Adaptively Sampled Anisotropic Particles},
  Author                   = {Ando, Ryoichi and Thurey, Nils and Tsuruno, Reiji},
  Journal                  = {IEEE Transactions on Visualization and Computer Graphics},
  Year                     = {2012},

  Month                    = aug,
  Number                   = {8},
  Pages                    = {1202--1214},
  Volume                   = {18},

  Acmid                    = {2311784},
  Address                  = {Piscataway, NJ, USA},
  Doi                      = {10.1109/TVCG.2012.87},
  ISSN                     = {1077-2626},
  Issue_date               = {August 2012},
  Keywords                 = {Physically based modeling, liquid simulation, fluid-implicit-particle method, thin fluid sheets, adaptive sampling, adaptive, element refinement, fluid},
  Numpages                 = {13},
  Publisher                = {IEEE Educational Activities Department},
  Url                      = {http://dx.doi.org/10.1109/TVCG.2012.87}
}

@Article{Angelidis2006b,
  Title                    = {Swirling-sweepers: Constant-volume Modeling},
  Author                   = {Angelidis, Alexis and Cani, Marie-Paule and Wyvill, Geoff and King, Scott},
  Journal                  = {Graph. Models},
  Year                     = {2006},

  Month                    = jul,
  Number                   = {4},
  Pages                    = {324--332},
  Volume                   = {68},

  Acmid                    = {1162437},
  Address                  = {San Diego, CA, USA},
  Doi                      = {10.1016/j.gmod.2005.11.001},
  ISSN                     = {1524-0703},
  Issue_date               = {July 2006},
  Keywords                 = {shape deformation, volume preservation},
  Numpages                 = {9},
  Publisher                = {Academic Press Professional, Inc.},
  Url                      = {http://dx.doi.org/10.1016/j.gmod.2005.11.001}
}

@InProceedings{Angelidis2006a,
  Title                    = {A Controllable, Fast and Stable Basis for Vortex Based Smoke Simulation},
  Author                   = {Angelidis, Alexis and Neyret, Fabrice and Singh, Karan and Nowrouzezahrai, Derek},
  Booktitle                = {Proceedings of the 2006 ACM SIGGRAPH/Eurographics Symposium on Computer Animation},
  Year                     = {2006},

  Address                  = {Aire-la-Ville, Switzerland, Switzerland},
  Pages                    = {25--32},
  Publisher                = {Eurographics Association},
  Series                   = {SCA '06},

  Acmid                    = {1218068},
  ISBN                     = {3-905673-34-7},
  Location                 = {Vienna, Austria},
  Numpages                 = {8},
  Url                      = {http://dl.acm.org/citation.cfm?id=1218064.1218068}
}

@Article{Artemova2012,
  Title                    = {Adaptively Restrained Particle Simulations},
  Author                   = {Artemova, Svetlana and Redon, Stephane},
  Journal                  = {Phys. Rev. Lett.},
  Year                     = {2012},

  Month                    = {Nov},
  Pages                    = {190201},
  Volume                   = {109},

  Doi                      = {10.1103/PhysRevLett.109.190201},
  Issue                    = {19},
  Numpages                 = {5},
  Publisher                = {American Physical Society},
  Url                      = {http://link.aps.org/doi/10.1103/PhysRevLett.109.190201}
}

@Article{Babuska1992,
  Title                    = {The H, P and H-p Version of the Finite Element Method: Basis Theory and Applications},
  Author                   = {Babu\v{s}ka, I. and Guo, B. Q.},
  Journal                  = {Adv. Eng. Softw.},
  Year                     = {1992},

  Month                    = nov,
  Number                   = {3-4},
  Pages                    = {159--174},
  Volume                   = {15},

  Acmid                    = {158184},
  Address                  = {Oxford, UK, UK},
  Doi                      = {10.1016/0965-9978(92)90097-Y},
  ISSN                     = {0965-9978},
  Issue_date               = {1992},
  Keywords                 = {h-p version of FEM, p-version of FEM, adaptive finite element method, finite element method},
  Numpages                 = {16},
  Publisher                = {Elsevier Science Ltd.},
  Url                      = {http://dx.doi.org/10.1016/0965-9978(92)90097-Y}
}

@Article{Baraff1990,
  Title                    = {Curved Surfaces and Coherence for Non-penetrating Rigid Body Simulation},
  Author                   = {Baraff, David},
  Journal                  = {SIGGRAPH Comput. Graph.},
  Year                     = {1990},

  Month                    = sep,
  Number                   = {4},
  Pages                    = {19--28},
  Volume                   = {24},

  Acmid                    = {97881},
  Address                  = {New York, NY, USA},
  Doi                      = {10.1145/97880.97881},
  ISSN                     = {0097-8930},
  Issue_date               = {Aug. 1990},
  Numpages                 = {10},
  Publisher                = {ACM},
  Url                      = {http://doi.acm.org/10.1145/97880.97881}
}

@InProceedings{Baraff1998,
  Title                    = {Large Steps in Cloth Simulation},
  Author                   = {Baraff, David and Witkin, Andrew},
  Booktitle                = {Proceedings of the 25th Annual Conference on Computer Graphics and Interactive Techniques},
  Year                     = {1998},

  Address                  = {New York, NY, USA},
  Pages                    = {43--54},
  Publisher                = {ACM},
  Series                   = {SIGGRAPH '98},

  Acmid                    = {280821},
  Doi                      = {10.1145/280814.280821},
  ISBN                     = {0-89791-999-8},
  Keywords                 = {cloth, constraints, implicit integration, physically-based modeling, simulation},
  Numpages                 = {12},
  Url                      = {http://doi.acm.org/10.1145/280814.280821}
}

@Article{Barbic:2005:RTSI,
  Title                    = {Real-Time Subspace Integration for {S}t. {V}enant-{K}irchhoff Deformable Models},
  Author                   = {Jernej Barbi\v{c} and Doug L. James},
  Journal                  = {ACM Transactions on Graphics (Proc. SIGGRAPH)},
  Year                     = {2005},

  Month                    = aug,
  Number                   = {3},
  Pages                    = {982--990},
  Volume                   = {24}
}

@Article{Barbic2009,
  Title                    = {Deformable Object Animation Using Reduced Optimal Control},
  Author                   = {Barbi\v{c}, Jernej and da Silva, Marco and Popovi\'{c}, Jovan},
  Journal                  = {ACM Trans. Graph.},
  Year                     = {2009},

  Month                    = jul,
  Number                   = {3},
  Pages                    = {53:1--53:9},
  Volume                   = {28},

  Acmid                    = {1531359},
  Address                  = {New York, NY, USA},
  Articleno                = {53},
  Doi                      = {10.1145/1531326.1531359},
  ISSN                     = {0730-0301},
  Issue_date               = {August 2009},
  Keywords                 = {control, deformations, keyframes, model reduction, space-time},
  Numpages                 = {9},
  Publisher                = {ACM},
  Url                      = {http://doi.acm.org/10.1145/1531326.1531359}
}

@Article{Barbic2012,
  Title                    = {Interactive Editing of Deformable Simulations},
  Author                   = {Barbi\v{c}, Jernej and Sin, Funshing and Grinspun, Eitan},
  Journal                  = {ACM Trans. Graph.},
  Year                     = {2012},

  Month                    = jul,
  Number                   = {4},
  Pages                    = {70:1--70:8},
  Volume                   = {31},

  Acmid                    = {2185566},
  Address                  = {New York, NY, USA},
  Articleno                = {70},
  Doi                      = {10.1145/2185520.2185566},
  ISSN                     = {0730-0301},
  Issue_date               = {July 2012},
  Keywords                 = {animation, contact, edit, interactive, physically based},
  Numpages                 = {8},
  Publisher                = {ACM},
  Url                      = {http://doi.acm.org/10.1145/2185520.2185566}
}

@Article{Barbic:2011:RLS,
  Title                    = {Real-time Large-deformation Substructuring},
  Author                   = {Jernej Barbi\v{c} and Yili Zhao},
  Journal                  = {ACM Trans. on Graphics (Proc. SIGGRAPH)},
  Year                     = {2011},
  Number                   = {4},
  Pages                    = {91:1--91:7},
  Volume                   = {30}
}

@Article{bargteil2014animation,
  Title                    = {Animation of Deformable Bodies with Quadratic B{\'e}zier Finite Elements},
  Author                   = {Bargteil, Adam W and Cohen, Elaine},
  Journal                  = {ACM Transactions on Graphics (TOG)},
  Year                     = {2014},
  Number                   = {3},
  Pages                    = {27},
  Volume                   = {33},

  Keywords                 = {adaptive, basis refinement, solid},
  Publisher                = {ACM}
}

@Article{Bargteil2006,
  Title                    = {A semi-Lagrangian Contouring Method for Fluid Simulation},
  Author                   = {Bargteil, Adam W. and Goktekin, Tolga G. and O'Brien, James F. and Strain, John A.},
  Journal                  = {ACM Trans. Graph.},
  Year                     = {2006},

  Month                    = jan,
  Number                   = {1},
  Pages                    = {19--38},
  Volume                   = {25},

  Acmid                    = {1122503},
  Address                  = {New York, NY, USA},
  Doi                      = {10.1145/1122501.1122503},
  ISSN                     = {0730-0301},
  Issue_date               = {January 2006},
  Keywords                 = {Natural phenomena, computational fluid dynamics, level-set methods, physically based animation, semi-Lagrangian contouring, surface tracking, adaptive, element refinement, fluid},
  Numpages                 = {20},
  Publisher                = {ACM},
  Url                      = {http://doi.acm.org/10.1145/1122501.1122503}
}

@Article{Bargteil2007,
  Title                    = {A Finite Element Method for Animating Large Viscoplastic Flow},
  Author                   = {Bargteil, Adam W. and Wojtan, Chris and Hodgins, Jessica K. and Turk, Greg},
  Journal                  = {ACM Trans. Graph.},
  Year                     = {2007},

  Month                    = jul,
  Number                   = {3},
  Volume                   = {26},

  Acmid                    = {1276397},
  Address                  = {New York, NY, USA},
  Articleno                = {16},
  Doi                      = {10.1145/1276377.1276397},
  ISSN                     = {0730-0301},
  Issue_date               = {July 2007},
  Keywords                 = {computational fluid dynamics, deformable models, elastoplastic, finite element methods, natural phenomena, physically based animation, viscoelastic, viscoplastic, adaptive, temporal adaptivity, solid},
  Publisher                = {ACM},
  Url                      = {http://doi.acm.org/10.1145/1276377.1276397}
}

@InProceedings{Barnat2011,
  Title                    = {Mid-level Smoke Control for 2D Animation},
  Author                   = {Barnat, Alfred and Li, Zeyang and McCann, James and Pollard, Nancy S.},
  Booktitle                = {Proceedings of Graphics Interface 2011},
  Year                     = {2011},

  Address                  = {School of Computer Science, University of Waterloo, Waterloo, Ontario, Canada},
  Pages                    = {25--32},
  Publisher                = {Canadian Human-Computer Communications Society},
  Series                   = {GI '11},

  Acmid                    = {1992922},
  ISBN                     = {978-1-4503-0693-5},
  Location                 = {St. John's, Newfoundland, Canada},
  Numpages                 = {8},
  Url                      = {http://dl.acm.org/citation.cfm?id=1992917.1992922}
}

@InProceedings{Batty2011,
  Title                    = {A Simple Finite Volume Method for Adaptive Viscous Liquids},
  Author                   = {Batty, Christopher and Houston, Ben},
  Booktitle                = {Proceedings of the 2011 ACM SIGGRAPH/Eurographics Symposium on Computer Animation},
  Year                     = {2011},

  Address                  = {New York, NY, USA},
  Pages                    = {111--118},
  Publisher                = {ACM},
  Series                   = {SCA '11},

  Acmid                    = {2019421},
  Doi                      = {10.1145/2019406.2019421},
  ISBN                     = {978-1-4503-0923-3},
  Keywords                 = {adaptive, element refinement, fluid},
  Location                 = {Vancouver, British Columbia, Canada},
  Numpages                 = {8},
  Url                      = {http://doi.acm.org/10.1145/2019406.2019421}
}

@InProceedings{Batty2010,
  Title                    = {Tetrahedral Embedded Boundary Methods for Accurate and Flexible Adaptive Fluids},
  Author                   = {Christopher Batty and Stefan Xenos and Ben Houston},
  Booktitle                = {Proceedings of Eurographics},
  Year                     = {2010},

  Keywords                 = {adaptive, element refinement, fluid}
}

@inproceedings{Becker2009,
  author = {Becker, Markus and Ihmsen, Markus and Teschner, Matthias},
  title = {Corotated SPH for Deformable Solids},
  booktitle = {Proceedings of the Fifth Eurographics Conference on Natural Phenomena},
  series = {NPH'09},
  year = {2009},
  isbn = {978-3-905674-11-8},
  location = {Munich, Germany},
  pages = {27--34},
  numpages = {8},
  url = {http://dx.doi.org/10.2312EG/DL/conf/EG2009/nph/027-034},
  doi = {10.2312EG/DL/conf/EG2009/nph/027-034},
  acmid = {2381696},
  publisher = {Eurographics Association},
  address = {Aire-la-Ville, Switzerland, Switzerland}
} 

@InProceedings{Becker2007WCSPH,
  Title                    = {Weakly compressible SPH for free surface flows},
  Author                   = {Becker, Markus and Teschner, Matthias},
  Booktitle                = {Proceedings of the 2007 ACM SIGGRAPH/Eurographics symposium on Computer animation},
  Year                     = {2007},

  Address                  = {Aire-la-Ville, Switzerland, Switzerland},
  Pages                    = {209--217},
  Publisher                = {Eurographics Association},
  Series                   = {SCA '07},

  Acmid                    = {1272719},
  ISBN                     = {978-1-59593-624-0},
  Keywords                 = {Tait equation, fluid dynamics, physically-based simulation, smoothed particle hydrodynamics, surface tension, volume preservation},
  Location                 = {San Diego, California},
  Numpages                 = {9},
  Url                      = {http://dl.acm.org/citation.cfm?id=1272690.1272719}
}

@Article{belytschko2009review,
  Title                    = {A review of extended/generalized finite element methods for material modeling},
  Author                   = {Belytschko, Ted and Gracie, Robert and Ventura, Giulio},
  Journal                  = {Modelling and Simulation in Materials Science and Engineering},
  Year                     = {2009},
  Number                   = {4},
  Pages                    = {043001},
  Volume                   = {17},

  Publisher                = {IOP Publishing}
}

@InProceedings{Bender2012:adaptiveFEM,
  Title                    = {Efficient cloth simulation using an adaptive finite element method},
  Author                   = {Jan Bender and Crispin Deul},
  Booktitle                = {Virtual Reality Interactions and Physical Simulations (VRIPhys)},
  Year                     = {2012},
  Editor                   = {Jan Bender and Arjan Kuijper and Dieter Fellner and Éric Guérin}
}

@InProceedings{Bender2012:rigid,
  Title                    = {Interactive Simulation of Rigid Body Dynamics in Computer Graphics},
  Author                   = {Jan Bender and Kenny Erleben and Jeff Trinkle and Erwin Coumans},
  Booktitle                = {EUROGRAPHICS 2012 State of the Art Reports},
  Year                     = {2012},
  Publisher                = {Eurographics Association},

  Location                 = {Cagliari, Sardinia, Italy}
}

@InProceedings{Bender2015,
  Title                    = {Divergence-Free Smoothed Particle Hydrodynamics},
  Author                   = {Jan Bender and Dan Koschier},
  Booktitle                = {Proceedings of the 2015 ACM SIGGRAPH/Eurographics Symposium on Computer Animation},
  Year                     = {2015},
  Publisher                = {ACM},

  Doi                      = {http://dx.doi.org/10.1145/2786784.2786796}
}

@InProceedings{Bergou2007,
  Title                    = {TRACKS: Toward Directable Thin Shells},
  Author                   = {Bergou, Mikl\'{o}s and Mathur, Saurabh and Wardetzky, Max and Grinspun, Eitan},
  Booktitle                = {ACM SIGGRAPH 2007 Papers},
  Year                     = {2007},

  Address                  = {New York, NY, USA},
  Publisher                = {ACM},
  Series                   = {SIGGRAPH '07},

  Acmid                    = {1276439},
  Articleno                = {50},
  Doi                      = {10.1145/1275808.1276439},
  Keywords                 = {Galerkin, directable animation, rigging, thin shells, tracking},
  Location                 = {San Diego, California},
  Url                      = {http://doi.acm.org/10.1145/1275808.1276439}
}

@InProceedings{Bertails2003,
  Title                    = {Adaptive Wisp Tree: A Multiresolution Control Structure for Simulating Dynamic Clustering in Hair Motion},
  Author                   = {Bertails, F. and Kim, T-Y. and Cani, M-P. and Neumann, U.},
  Booktitle                = {Proceedings of the 2003 ACM SIGGRAPH/Eurographics Symposium on Computer Animation},
  Year                     = {2003},
  Pages                    = {207--213},
  Publisher                = {Eurographics Association},
  Series                   = {SCA '03},

  Acmid                    = {846305},
  ISBN                     = {1-58113-659-5},
  Keywords                 = {adaptive, element refinement, hair},
  Location                 = {San Diego, California},
  Numpages                 = {7},
  Url                      = {http://dl.acm.org/citation.cfm?id=846276.846305}
}

@Article{Bojsen-Hansen2013,
  Title                    = {Liquid Surface Tracking with Error Compensation},
  Author                   = {Bojsen-Hansen, Morten and Wojtan, Chris},
  Journal                  = {ACM Trans. Graph.},
  Year                     = {2013},

  Month                    = jul,
  Number                   = {4},
  Pages                    = {68:1--68:13},
  Volume                   = {32},

  Acmid                    = {2461991},
  Articleno                = {68},
  Doi                      = {10.1145/2461912.2461991},
  ISSN                     = {0730-0301},
  Issue_date               = {July 2013},
  Keywords                 = {adaptive, mixed models, fluid},
  Numpages                 = {13},
  Publisher                = {ACM},
  Url                      = {http://doi.acm.org/10.1145/2461912.2461991}
}

@Book{Bra77,
  Title                    = {Multi-level adaptive solutions to boundary value problems},
  Author                   = {A. Brandt},
  Year                     = {1977},
  Series                   = {Mathematics of Computation},
  Volume                   = {31}
}

@Book{Bridson2008,
  Title                    = {Fluid Simulation for Computer Graphics},
  Author                   = {Robert Bridson},
  Publisher                = {Taylor \& Francis},
  Year                     = {2008},
  Series                   = {Ak Peters Series},

  ISBN                     = {9781568813264},
  Lccn                     = {2008021768},
  Url                      = {http://books.google.fr/books?id=gFI8y87VCZ8C}
}

@Article{Bridson2002,
  Title                    = {Robust Treatment of Collisions, Contact and Friction for Cloth Animation},
  Author                   = {Bridson, Robert and Fedkiw, Ronald and Anderson, John},
  Journal                  = {ACM Trans. Graph.},
  Year                     = {2002},

  Month                    = jul,
  Number                   = {3},
  Pages                    = {594--603},
  Volume                   = {21},

  Acmid                    = {566623},
  Doi                      = {10.1145/566654.566623},
  ISSN                     = {0730-0301},
  Issue_date               = {July 2002},
  Keywords                 = {cloth, collision detection, collision response, contacts, kinetic friction, physically based animation, static friction, adaptive, temporal adaptivity},
  Numpages                 = {10},
  Publisher                = {ACM},
  Url                      = {http://doi.acm.org/10.1145/566654.566623}
}

@InProceedings{Bridson2003,
  Title                    = {Simulation of Clothing with Folds and Wrinkles},
  Author                   = {Bridson, R. and Marino, S. and Fedkiw, R.},
  Booktitle                = {Proceedings of the 2003 ACM SIGGRAPH/Eurographics Symposium on Computer Animation},
  Year                     = {2003},
  Pages                    = {28--36},
  Publisher                = {Eurographics Association},
  Series                   = {SCA '03},

  Acmid                    = {846281},
  ISBN                     = {1-58113-659-5},
  Keywords                 = {adaptive, temporal adaptivity, cloth},
  Location                 = {San Diego, California},
  Numpages                 = {9},
  Url                      = {http://dl.acm.org/citation.cfm?id=846276.846281}
}

@Article{Brochu2010,
  Title                    = {Matching Fluid Simulation Elements to Surface Geometry and Topology},
  Author                   = {Brochu, Tyson and Batty, Christopher and Bridson, Robert},
  Journal                  = {ACM Trans. Graph.},
  Year                     = {2010},

  Month                    = jul,
  Number                   = {4},
  Pages                    = {47:1--47:9},
  Volume                   = {29},

  Acmid                    = {1778784},
  Articleno                = {47},
  Doi                      = {10.1145/1778765.1778784},
  ISSN                     = {0730-0301},
  Issue_date               = {July 2010},
  Keywords                 = {fluid simulation, liquids, meshes, surface tension, adaptive, element refinement, fluid},
  Numpages                 = {9},
  Publisher                = {ACM},
  Url                      = {http://doi.acm.org/10.1145/1778765.1778784}
}

@Article{Brochu2009,
  Title                    = {Robust Topological Operations for Dynamic Explicit Surfaces},
  Author                   = {Brochu, Tyson and Bridson, Robert},
  Journal                  = {SIAM J. Sci. Comput.},
  Year                     = {2009},

  Month                    = jun,
  Number                   = {4},
  Pages                    = {2472--2493},
  Volume                   = {31},

  Acmid                    = {1654951},
  Doi                      = {10.1137/080737617},
  ISSN                     = {1064-8275},
  Issue_date               = {June 2009},
  Keywords                 = {dynamic surfaces, geometric flows, interface tracking, triangle meshes, adaptive, moving mesh, fluid},
  Numpages                 = {22},
  Publisher                = {Society for Industrial and Applied Mathematics},
  Url                      = {http://dx.doi.org/10.1137/080737617}
}

@Article{Busaryev2013,
  Title                    = {Adaptive Fracture Simulation of Multi-layered Thin Plates},
  Author                   = {Busaryev, Oleksiy and Dey, Tamal K. and Wang, Huamin},
  Journal                  = {ACM Trans. Graph.},
  Year                     = {2013},

  Month                    = jul,
  Number                   = {4},
  Pages                    = {52:1--52:6},
  Volume                   = {32},

  Acmid                    = {2461920},
  Articleno                = {52},
  Doi                      = {10.1145/2461912.2461920},
  ISSN                     = {0730-0301},
  Issue_date               = {July 2013},
  Keywords                 = {FEM, adaptive remeshing, fracture simulation, layers, thin plates, adaptive, element refinement, sheets},
  Numpages                 = {6},
  Publisher                = {ACM},
  Url                      = {http://doi.acm.org/10.1145/2461912.2461920}
}

@InProceedings{Capell2002,
  Title                    = {A Multiresolution Framework for Dynamic Deformations},
  Author                   = {Capell, Steve and Green, Seth and Curless, Brian and Duchamp, Tom and Popovi\'{c}, Zoran},
  Booktitle                = {Proceedings of the 2002 ACM SIGGRAPH/Eurographics Symposium on Computer Animation},
  Year                     = {2002},
  Pages                    = {41--47},
  Publisher                = {ACM},
  Series                   = {SCA '02},

  Acmid                    = {545268},
  Doi                      = {10.1145/545261.545268},
  ISBN                     = {1-58113-573-4},
  Keywords                 = {animation, deformation, hierarchical basis, multiresolution, physically-based animation, physically-based modeling, adaptive, basis refinement, solid},
  Location                 = {San Antonio, Texas},
  Numpages                 = {7},
  Url                      = {http://doi.acm.org/10.1145/545261.545268}
}

@InProceedings{Carlson1997,
  Title                    = {Simulation Levels of Detail for Real-time Animation},
  Author                   = {Carlson, Deborah A. and Hodgins, Jessica K.},
  Booktitle                = {Proceedings of the Conference on Graphics Interface '97},
  Year                     = {1997},
  Pages                    = {1--8},
  Publisher                = {Canadian Information Processing Society},

  Acmid                    = {266777},
  ISBN                     = {0-9695338-6-1},
  Keywords                 = {adaptive, mixed models, solid},
  Location                 = {Kelowna, British Columbia, Canada},
  Numpages                 = {8},
  Url                      = {http://dl.acm.org/citation.cfm?id=266774.266777}
}

@InProceedings{carlson2004rigid,
  Title                    = {Rigid fluid: animating the interplay between rigid bodies and fluid},
  Author                   = {Carlson, Mark and Mucha, Peter J and Turk, Greg},
  Booktitle                = {ACM Transactions on Graphics (TOG)},
  Year                     = {2004},
  Number                   = {3},
  Organization             = {ACM},
  Pages                    = {377--384},
  Volume                   = {23}
}

@Article{Cerda2003,
  Title                    = {Geometry and Physics of Wrinkling},
  Author                   = {Cerda, E. and Mahadevan, L.},
  Journal                  = {Phys. Rev. Lett.},
  Year                     = {2003},

  Month                    = {Feb},
  Pages                    = {074302},
  Volume                   = {90},

  Doi                      = {10.1103/PhysRevLett.90.074302},
  Issue                    = {7},
  Numpages                 = {4},
  Publisher                = {American Physical Society},
  Url                      = {http://link.aps.org/doi/10.1103/PhysRevLett.90.074302}
}

@Article{Chen2014,
  Title                    = {Physics-inspired Adaptive Fracture Refinement},
  Author                   = {Chen, Zhili and Yao, Miaojun and Feng, Renguo and Wang, Huamin},
  Journal                  = {ACM Trans. Graph.},
  Year                     = {2014},

  Month                    = jul,
  Number                   = {4},
  Pages                    = {113:1--113:7},
  Volume                   = {33},

  Acmid                    = {2601115},
  Address                  = {New York, NY, USA},
  Articleno                = {113},
  Doi                      = {10.1145/2601097.2601115},
  ISSN                     = {0730-0301},
  Issue_date               = {July 2014},
  Keywords                 = {adaptive refinement, animation control, artistic design, discrete gradient flow, fracture animation, material strength},
  Numpages                 = {7},
  Publisher                = {ACM},
  Url                      = {http://doi.acm.org/10.1145/2601097.2601115}
}

@Book{Cheng2012,
  Title                    = {Delaunay Mesh Generation},
  Author                   = {Siu-Wing Cheng and Tamal Krishna Dey and Jonathan Richard Shewchuk},
  Publisher                = {CRC Press},
  Year                     = {2012},
  Month                    = {December}
}

@InProceedings{Chenney:1997,
  Title                    = {View-dependent culling of dynamic systems in virtual environments},
  Author                   = {Chenney, Stephen and Forsyth, David},
  Booktitle                = {Proc. ACM Symposium on Interactive 3D graphics},
  Year                     = {1997}
}

@InProceedings{Chenney2000,
  Title                    = {Sampling Plausible Solutions to Multi-body Constraint Problems},
  Author                   = {Chenney, Stephen and Forsyth, D. A.},
  Booktitle                = {Proceedings of the 27th Annual Conference on Computer Graphics and Interactive Techniques},
  Year                     = {2000},

  Address                  = {New York, NY, USA},
  Pages                    = {219--228},
  Publisher                = {ACM Press/Addison-Wesley Publishing Co.},
  Series                   = {SIGGRAPH '00},

  Acmid                    = {344882},
  Doi                      = {10.1145/344779.344882},
  ISBN                     = {1-58113-208-5},
  Keywords                 = {Markov chain Monte Carlo, motion synthesis, plausible motion, spacetime constraints},
  Numpages                 = {10},
  Url                      = {http://dx.doi.org/10.1145/344779.344882}
}

@InProceedings{Chentanez2007,
  Title                    = {Liquid Simulation on Lattice-based Tetrahedral Meshes},
  Author                   = {Chentanez, Nuttapong and Feldman, Bryan E. and Labelle, Fran\c{c}ois and O'Brien, James F. and Shewchuk, Jonathan R.},
  Booktitle                = {Proceedings of the 2007 ACM SIGGRAPH/Eurographics Symposium on Computer Animation},
  Year                     = {2007},
  Pages                    = {219--228},
  Publisher                = {Eurographics Association},
  Series                   = {SCA '07},

  Acmid                    = {1272720},
  ISBN                     = {978-1-59593-624-0},
  Keywords                 = {computational fluid dynamics, natural phenomena, physically based animation, tetrahedral mesh, adaptive, element refinement, fluid},
  Location                 = {San Diego, California},
  Numpages                 = {10},
  Url                      = {http://dl.acm.org/citation.cfm?id=1272690.1272720}
}

@Article{Chentanez2011,
  Title                    = {Real-time Eulerian Water Simulation Using a Restricted Tall Cell Grid},
  Author                   = {Chentanez, Nuttapong and M\"{u}ller, Matthias},
  Journal                  = {ACM Trans. Graph.},
  Year                     = {2011},

  Month                    = jul,
  Number                   = {4},
  Pages                    = {82:1--82:10},
  Volume                   = {30},

  Acmid                    = {1964977},
  Articleno                = {82},
  Doi                      = {10.1145/2010324.1964977},
  ISSN                     = {0730-0301},
  Issue_date               = {July 2011},
  Keywords                 = {fluid simulation, multigrid, real time, tall cell grid, adaptive, element refinement, fluid},
  Numpages                 = {10},
  Publisher                = {ACM},
  Url                      = {http://doi.acm.org/10.1145/2010324.1964977}
}

@InProceedings{Chentanez2010,
  Title                    = {Real-time Simulation of Large Bodies of Water with Small Scale Details},
  Author                   = {Chentanez, Nuttapong and M\"{u}ller, Matthias},
  Booktitle                = {Proceedings of the 2010 ACM SIGGRAPH/Eurographics Symposium on Computer Animation},
  Year                     = {2010},
  Pages                    = {197--206},
  Publisher                = {Eurographics Association},
  Series                   = {SCA '10},

  Acmid                    = {1921457},
  Keywords                 = {natural phenomena, physically based animation, adaptive, mixed models, fluid},
  Location                 = {Madrid, Spain},
  Numpages                 = {10},
  Url                      = {http://dl.acm.org/citation.cfm?id=1921427.1921457}
}

@InProceedings{Chentanez2014,
  Title                    = {{Coupling 3D Eulerian, Heightfield and Particle Methods for Interactive Simulation of Large Scale Liquid Phenomena}},
  Author                   = {Nuttapong Chentanez and Matthias M\"uller and Tae-Yong Kim },
  Booktitle                = {Eurographics/ ACM SIGGRAPH Symposium on Computer Animation},
  Year                     = {2014},
  Editor                   = {Vladlen Koltun and Eftychios Sifakis},
  Pages                    = {1-10},
  Publisher                = {Eurographics Association},

  Doi                      = {10.2312/sca.20141117},
  ISBN                     = {978-3-905674-61-3},
  ISSN                     = {1727-5288},
  Keywords                 = {adaptive, mixed models, fluid},
  Url                      = {http://diglib.eg.org/EG/DL/WS/SCA/SCA14/001-010.pdf}
}

@Article{Clark:1976,
  Title                    = {Hierarchical geometric models for visible surface algorithms},
  Author                   = {Clark, James H.},
  Journal                  = {Communications of the ACM},
  Year                     = {1976},
  Volume                   = {19}
}

@Article{Clausen2013,
  Title                    = {Simulating Liquids and Solid-liquid Interactions with Lagrangian Meshes},
  Author                   = {Clausen, Pascal and Wicke, Martin and Shewchuk, Jonathan R. and O'Brien, James F.},
  Journal                  = {ACM Trans. Graph.},
  Year                     = {2013},

  Month                    = apr,
  Number                   = {2},
  Pages                    = {17:1--17:15},
  Volume                   = {32},

  Acmid                    = {2451243},
  Articleno                = {17},
  Doi                      = {10.1145/2451236.2451243},
  ISSN                     = {0730-0301},
  Issue_date               = {April 2013},
  Keywords                 = {Simulation, dynamic mesh generation, finite element method, fluid dynamics, local remeshing, melting, physically based computer animation, solid-fluid interface, surface tension, thermoelasticity, adaptive, element refinement, fluid},
  Numpages                 = {15},
  Publisher                = {ACM},
  Url                      = {http://doi.acm.org/10.1145/2451236.2451243}
}

@InProceedings{Cohen2010,
  Title                    = {Interactive Fluid-particle Simulation Using Translating Eulerian Grids},
  Author                   = {Cohen, Jonathan M. and Tariq, Sarah and Green, Simon},
  Booktitle                = {Proceedings of the 2010 ACM SIGGRAPH Symposium on Interactive 3D Graphics and Games},
  Year                     = {2010},
  Pages                    = {15--22},
  Publisher                = {ACM},
  Series                   = {I3D '10},

  Acmid                    = {1730807},
  Doi                      = {10.1145/1730804.1730807},
  ISBN                     = {978-1-60558-939-8},
  Keywords                 = {GPU computing, fluid simulation, particle simulation, adaptive, moving mesh, fluid},
  Location                 = {Washington, D.C.},
  Numpages                 = {8},
  Url                      = {http://doi.acm.org/10.1145/1730804.1730807}
}

@InProceedings{Cohen1992,
  Title                    = {Interactive Spacetime Control for Animation},
  Author                   = {Cohen, Michael F.},
  Booktitle                = {Proceedings of the 19th Annual Conference on Computer Graphics and Interactive Techniques},
  Year                     = {1992},

  Address                  = {New York, NY, USA},
  Pages                    = {293--302},
  Publisher                = {ACM},
  Series                   = {SIGGRAPH '92},

  Acmid                    = {134083},
  Doi                      = {10.1145/133994.134083},
  ISBN                     = {0-89791-479-1},
  Keywords                 = {animation, spacetime},
  Numpages                 = {10},
  Url                      = {http://doi.acm.org/10.1145/133994.134083}
}

@Article{Cornelis2014,
  Title                    = {{IISPH-FLIP for Incompressible Fluids}},
  Author                   = {Jens Cornelis and Markus Ihmsen and Andreas Peer and Matthias Teschner },
  Journal                  = {Computer Graphics Forum},
  Year                     = {2014},
  Number                   = {2},
  Pages                    = {255-262},
  Volume                   = {33},

  Doi                      = {10.1111/cgf.12324},
  Url                      = {http://diglib.eg.org/EG/CGF/volume33/issue2/v33i2pp255-262.pdf}
}

@Article{Coros2012,
  Title                    = {Deformable Objects Alive!},
  Author                   = {Coros, Stelian and Martin, Sebastian and Thomaszewski, Bernhard and Schumacher, Christian and Sumner, Robert and Gross, Markus},
  Journal                  = {ACM Trans. Graph.},
  Year                     = {2012},

  Month                    = jul,
  Number                   = {4},
  Pages                    = {69:1--69:9},
  Volume                   = {31},

  Acmid                    = {2185565},
  Address                  = {New York, NY, USA},
  Articleno                = {69},
  Doi                      = {10.1145/2185520.2185565},
  ISSN                     = {0730-0301},
  Issue_date               = {July 2012},
  Keywords                 = {animation control, physically-based simulation},
  Numpages                 = {9},
  Publisher                = {ACM},
  Url                      = {http://doi.acm.org/10.1145/2185520.2185565}
}

@InProceedings{cotin_hybrid,
  Title                    = {A Hybrid Elastic Model allowing Real-Time Cutting, Deformations and Force-Feedback for Surgery Training and Simulation},
  Author                   = {S. Cotin and H. Delingette and N. Ayache},
  Booktitle                = {The Visual Computer},
  Year                     = {2000},
  Volume                   = {16}
}

@Article{Courant1967,
  Title                    = {On the Partial Difference Equations of Mathematical Physics},
  Author                   = {Courant, R. and Friedrichs, K. and Lewy, H.},
  Journal                  = {IBM J. Res. Dev.},
  Year                     = {1967},

  Month                    = mar,
  Number                   = {2},
  Pages                    = {215--234},
  Volume                   = {11},

  Acmid                    = {1662757},
  Address                  = {Riverton, NJ, USA},
  Doi                      = {10.1147/rd.112.0215},
  ISSN                     = {0018-8646},
  Issue_date               = {March 1967},
  Numpages                 = {20},
  Options                  = {skipbib=true},
  Publisher                = {IBM Corp.},
  Url                      = {http://dx.doi.org/10.1147/rd.112.0215}
}

@Article{Courant1928,
  Title                    = {{\"U}ber die partiellen {D}ifferenzengleichungen der mathematischen {P}hysik},
  Author                   = {Courant, R. and Friedrichs, K. and Lewy, H.},
  Journal                  = {Mathematische Annalen},
  Year                     = {1928},
  Note                     = {English translation: Courant et al., ``On the partial difference equations of mathematical physics'', IBM J. Res. Dev.\ (1967).},
  Number                   = {1},
  Pages                    = {32-74},
  Volume                   = {100},

  Doi                      = {10.1007/BF01448839},
  ISSN                     = {0025-5831},
  Language                 = {German},
  Publisher                = {Springer-Verlag},
  Url                      = {http://dx.doi.org/10.1007/BF01448839}
}

@InProceedings{Crane:2013:DGP,
  Title                    = {Digital Geometry Processing with Discrete Exterior Calculus},
  Author                   = {Crane, Keenan and De Goes, Fernando and Desbrun, Mathieu and Schr{\"o}der, Peter},
  Booktitle                = {ACM SIGGRAPH 2013 courses},
  Year                     = {2013},

  Address                  = {New York, NY, USA},
  Publisher                = {ACM},
  Series                   = {SIGGRAPH '13},

  Location                 = {Anaheim, California},
  Numpages                 = {126}
}

@InProceedings{Debunne1999,
  Title                    = {Interactive multiresolution animation of deformable models},
  Author                   = {Gilles Debunne and Mathieu Desbrun and Alan H. Barr and Marie-Paule Cani},
  Booktitle                = {Eurographics Workshop on Computer Animation and Simulation'99, September, 1999},
  Year                     = {1999},
  Editor                   = {Nadia Magnenat-Thalmann and Daniel Thalmann},
  Month                    = {sep},
  Pages                    = {133--144},
  Publisher                = {Springer},
  Series                   = {Computer Science},

  Keywords                 = {animation, multiresolution, deformable models, adaptive, element refinement, solid}
}

@InProceedings{Debunne2001,
  Title                    = {Dynamic Real-time Deformations Using Space \& Time Adaptive Sampling},
  Author                   = {Debunne, Gilles and Desbrun, Mathieu and Cani, Marie-Paule and Barr, Alan H.},
  Booktitle                = {Proceedings of the 28th Annual Conference on Computer Graphics and Interactive Techniques},
  Year                     = {2001},
  Pages                    = {31--36},
  Publisher                = {ACM},
  Series                   = {SIGGRAPH '01},

  Acmid                    = {383262},
  Doi                      = {10.1145/383259.383262},
  ISBN                     = {1-58113-374-X},
  Keyword                  = {adaptive, element refinement, temporal adaptivity, solid},
  Numpages                 = {6},
  Url                      = {http://doi.acm.org/10.1145/383259.383262}
}

@InProceedings{Debunne2000,
  Title                    = {Adaptive Simulation of Soft Bodies in Real-Time},
  Author                   = {Gilles Debunne and Mathieu Desbrun and Marie-Paule Cani and Alan H. Barr},
  Booktitle                = {Computer Animation 2000, April, 2000},
  Year                     = {2000},

  Address                  = {Philadelphia, Etats-Unis},
  Month                    = jun,
  Pages                    = {133--144},

  Keywords                 = {animation, multiresolution, deformable models}
}

@InProceedings{Dequidt,
  Title                    = {Time Critical animation of deformable solids},
  Author                   = {J. Dequidt and D. Marchal and L. Grisoni},
  Booktitle                = {Journal of Computer Animation and Virtual Worlds},
  Year                     = {2005},
  Volume                   = {16}
}

@TechReport{Desbrun1999,
  Title                    = {{Space-Time Adaptive Simulation of Highly Deformable Substances}},
  Author                   = {Desbrun, Mathieu and Cani, Marie-Paule},
  Institution              = {INRIA},
  Year                     = {1999},
  Number                   = {RR-3829},
  Type                     = {Rapport de recherche},

  Affiliation              = {Computer Science Department - CS CALTECH , iMAGIS - IMAG-INRIA Rh{\^o}ne-Alpes / GRAVIR},
  File                     = {RR-3829.pdf:http\://hal.inria.fr/inria-00072829/PDF/RR-3829.pdf:PDF},
  Hal_id                   = {inria-00072829},
  Keywords                 = {SIMULATION / DEFORMABLE OBJECTS / PARTICLE SYSTEM / SPACE-TIME ADAPTION},
  Language                 = {Anglais},
  Url                      = {http://hal.inria.fr/inria-00072829}
}

@InProceedings{Desbrun1996,
  Title                    = {Smoothed Particles: A New Paradigm for Animating Highly Deformable Bodies},
  Author                   = {Desbrun, Mathieu and Cani, Marie-Paule},
  Booktitle                = {Proceedings of the Eurographics Workshop on Computer Animation and Simulation '96},
  Year                     = {1996},
  Pages                    = {61--76},
  Publisher                = {Springer-Verlag New York, Inc.},

  Acmid                    = {274981},
  ISBN                     = {3-211-82885-0},
  Location                 = {Poitiers, France},
  Numpages                 = {16},
  Url                      = {http://dl.acm.org/citation.cfm?id=274976.274981}
}

@Article{Dick2011,
  Title                    = {A Hexahedral Multigrid Approach for Simulating Cuts in Deformable Objects},
  Author                   = {Dick, C. and Georgii, J. and Westermann, R.},
  Journal                  = {Visualization and Computer Graphics, IEEE Transactions on},
  Year                     = {2011},

  Month                    = {Nov},
  Number                   = {11},
  Pages                    = {1663-1675},
  Volume                   = {17},

  Doi                      = {10.1109/TVCG.2010.268},
  ISSN                     = {1077-2626},
  Keywords                 = {adaptive, element refinement, solid}
}

@Article{Dobashi2008:cloud,
  Title                    = {Feedback Control of Cumuliform Cloud Formation Based on Computational Fluid Dynamics},
  Author                   = {Dobashi, Yoshinori and Kusumoto, Katsutoshi and Nishita, Tomoyuki and Yamamoto, Tsuyoshi},
  Journal                  = {ACM Trans. Graph.},
  Year                     = {2008},

  Month                    = aug,
  Number                   = {3},
  Pages                    = {94:1--94:8},
  Volume                   = {27},

  Acmid                    = {1360693},
  Address                  = {New York, NY, USA},
  Articleno                = {94},
  Doi                      = {10.1145/1360612.1360693},
  ISSN                     = {0730-0301},
  Issue_date               = {August 2008},
  Keywords                 = {clouds, fluid dynamics, simulation control},
  Numpages                 = {8},
  Publisher                = {ACM},
  Url                      = {http://doi.acm.org/10.1145/1360612.1360693}
}

@Article{Dobashi2008:adaptiveGrid,
  Title                    = {A Fast Simulation Method Using Overlapping Grids for Interactions between Smoke and Rigid Objects},
  Author                   = {Dobashi, Yoshinori and Matsuda, Yasuhiro and Yamamoto, Tsuyoshi and Nishita, Tomoyuki},
  Journal                  = {Computer Graphics Forum},
  Year                     = {2008},
  Number                   = {2},
  Pages                    = {477--486},
  Volume                   = {27},

  Doi                      = {10.1111/j.1467-8659.2008.01145.x},
  ISSN                     = {1467-8659},
  Keywords                 = {I.3.7 [Computer Graphics], Three-Dimensional Graphics and Realism - Animation; I.3.7 [Computer Graphics], Three-Dimensional Graphics and Realism; I.6.8 [Simulation and Modeling], Types of Simulation - Animation; I.6.3 [Simulation and Modeling], Applications, adaptive, moving mesh, fluid},
  Publisher                = {Blackwell Publishing Ltd},
  Url                      = {http://dx.doi.org/10.1111/j.1467-8659.2008.01145.x}
}

@InBook{Donea2004,
  Title                    = {Arbitrary Lagrangian-Eulerian Methods},
  Author                   = {Donea, Jean and Huerta, Antonio and Ponthot, J.-Ph. and Rodr\'iguez-Ferran, A.},
  Chapter                  = {14},
  Publisher                = {John Wiley \& Sons, Ltd},
  Year                     = {2004},

  Booktitle                = {Encyclopedia of Computational Mechanics},
  Doi                      = {10.1002/0470091355.ecm009},
  ISBN                     = {9780470091357},
  Keywords                 = {ALE description, convective transport, finite elements, stabilization techniques, mesh regularization and adaptation, fluid dynamics, nonlinear solid mechanics, stress-update procedures, fluid-structure interaction},
  Url                      = {http://dx.doi.org/10.1002/0470091355.ecm009}
}

@Article{Edwards2014,
  Title                    = {Detailed Water with Coarse Grids: Combining Surface Meshes and Adaptive Discontinuous Galerkin},
  Author                   = {Edwards, Essex and Bridson, Robert},
  Journal                  = {ACM Trans. Graph.},
  Year                     = {2014},

  Month                    = jul,
  Number                   = {4},
  Pages                    = {136:1--136:9},
  Volume                   = {33},

  Acmid                    = {2601167},
  Articleno                = {136},
  Doi                      = {10.1145/2601097.2601167},
  ISSN                     = {0730-0301},
  Issue_date               = {July 2014},
  Keywords                 = {adaptive, discontinuous Galerkin, fluid simulation, liquids, meshes, basis refinement, fluid},
  Numpages                 = {9},
  Publisher                = {ACM},
  Url                      = {http://doi.acm.org/10.1145/2601097.2601167}
}

@Article{Edwards2012,
  Title                    = {A high-order accurate particle-in-cell method},
  Author                   = {Edwards, Essex and Bridson, Robert},
  Journal                  = {International Journal for Numerical Methods in Engineering},
  Year                     = {2012},
  Number                   = {9},
  Pages                    = {1073--1088},
  Volume                   = {90},

  Doi                      = {10.1002/nme.3356},
  ISSN                     = {1097-0207},
  Keywords                 = {particle-in-cell, high-order accuracy, low dissipation, inviscid, incompressible, unstructured, PIC, FLIP, MPM, GIMP, adaptive, basis refinement, fluid},
  Publisher                = {John Wiley \& Sons, Ltd},
  Url                      = {http://dx.doi.org/10.1002/nme.3356}
}

@Article{English2013,
  Title                    = {An Adaptive Discretization of Incompressible Flow Using a Multitude of Moving Cartesian Grids},
  Author                   = {English, R. Elliot and Qiu, Linhai and Yu, Yue and Fedkiw, Ronald},
  Journal                  = {J. Comput. Phys.},
  Year                     = {2013},

  Month                    = dec,
  Pages                    = {107--154},
  Volume                   = {254},

  Acmid                    = {2527942},
  Doi                      = {10.1016/j.jcp.2013.07.032},
  ISSN                     = {0021-9991},
  Issue_date               = {December, 2013},
  Keywords                 = {Adaptive mesh refinement, Arbitrary Lagrangian Eulerian, Chimera grids, Incompressible flow, Monolithic Poisson discretization, Parallel simulation, Voronoi diagrams, adaptive, moving mesh, fluid},
  Numpages                 = {48},
  Publisher                = {Academic Press Professional, Inc.},
  Url                      = {http://dx.doi.org/10.1016/j.jcp.2013.07.032}
}

@Article{Fan2013,
  Title                    = {Eulerian-on-lagrangian Simulation},
  Author                   = {Fan, Ye and Litven, Joshua and Levin, David I. W. and Pai, Dinesh K.},
  Journal                  = {ACM Trans. Graph.},
  Year                     = {2013},

  Month                    = jul,
  Number                   = {3},
  Pages                    = {22:1--22:9},
  Volume                   = {32},

  Acmid                    = {2487230},
  Articleno                = {22},
  Doi                      = {10.1145/2487228.2487230},
  ISSN                     = {0730-0301},
  Issue_date               = {June 2013},
  Keywords                 = {Deformation, Eulerian, contact, continuum mechanics, rigid bodies, adaptive, moving mesh, solid},
  Numpages                 = {9},
  Publisher                = {ACM},
  Url                      = {http://doi.acm.org/10.1145/2487228.2487230}
}

@Article{Fan2014,
  Title                    = {Active Volumetric Musculoskeletal Systems},
  Author                   = {Fan, Ye and Litven, Joshua and Pai, Dinesh K.},
  Journal                  = {ACM Trans. Graph.},
  Year                     = {2014},

  Month                    = jul,
  Number                   = {4},
  Pages                    = {152:1--152:9},
  Volume                   = {33},

  Acmid                    = {2601215},
  Articleno                = {152},
  Doi                      = {10.1145/2601097.2601215},
  ISSN                     = {0730-0301},
  Issue_date               = {July 2014},
  Keywords                 = {Eulerian simulation, activation, deformation, muscle, musculoskeleton, soft tissues, adaptive, moving mesh, solid},
  Numpages                 = {9},
  Publisher                = {ACM},
  Url                      = {http://doi.acm.org/10.1145/2601097.2601215}
}

@Article{Fattal2004,
  Title                    = {Target-driven Smoke Animation},
  Author                   = {Fattal, Raanan and Lischinski, Dani},
  Journal                  = {ACM Trans. Graph.},
  Year                     = {2004},

  Month                    = aug,
  Number                   = {3},
  Pages                    = {441--448},
  Volume                   = {23},

  Acmid                    = {1015743},
  Address                  = {New York, NY, USA},
  Doi                      = {10.1145/1015706.1015743},
  ISSN                     = {0730-0301},
  Issue_date               = {August 2004},
  Keywords                 = {animation control, fluid dynamics, smoke simulation},
  Numpages                 = {8},
  Publisher                = {ACM},
  Url                      = {http://doi.acm.org/10.1145/1015706.1015743}
}

@Article{Faure2011,
  Title                    = {{Sparse Meshless Models of Complex Deformable Solids}},
  Author                   = {Faure, Fran{\c c}ois and Gilles, Benjamin and Bousquet, Guillaume and Pai, Dinesh K.},
  Journal                  = {{ACM Transactions on Graphics}},
  Year                     = {2011},

  Month                    = Jul,
  Number                   = {4},
  Pages                    = {Article No. 73},
  Volume                   = {30},

  Doi                      = {10.1145/2010324.1964968},
  File                     = {main.pdf:https\://hal.inria.fr/inria-00589204/file/main.pdf:PDF},
  Hal_id                   = {inria-00589204},
  Hal_version              = {v3},
  Keywords                 = {Motion},
  Publisher                = {{Association for Computing Machinery (ACM)}},
  Series                   = {Proceedings of SIGGRAPH'2011},
  Url                      = {https://hal.inria.fr/inria-00589204}
}

@Article{Feldman2003,
  Title                    = {Animating Suspended Particle Explosions},
  Author                   = {Feldman, Bryan E. and O'Brien, James F. and Arikan, Okan},
  Journal                  = {ACM Trans. Graph.},
  Year                     = {2003},

  Month                    = jul,
  Number                   = {3},
  Pages                    = {708--715},
  Volume                   = {22},

  Acmid                    = {882336},
  Doi                      = {10.1145/882262.882336},
  ISSN                     = {0730-0301},
  Issue_date               = {July 2003},
  Keywords                 = {combustion, computational fluid dynamics, explosions, fire, natural phenomena, physically based animation, adaptive, mixed models, fluid},
  Numpages                 = {8},
  Publisher                = {ACM},
  Url                      = {http://doi.acm.org/10.1145/882262.882336}
}

@Article{Ferley2000,
  Title                    = {{Practical Volumetric Sculpting}},
  Author                   = {Ferley, Eric and Cani, Marie-Paule and Gascuel, Jean-Dominique},
  Journal                  = {{Visual Computer}},
  Year                     = {2000},
  Number                   = {8},
  Pages                    = {469--480},
  Volume                   = {16},

  File                     = {FCG99-IS.pdf:https\://hal.inria.fr/inria-00509977/file/FCG99-IS.pdf:PDF},
  Hal_id                   = {inria-00509977},
  Hal_version              = {v1},
  Keywords                 = {interactive sculpture ; local deformations},
  Publisher                = {{Springer Verlag (Germany)}},
  Url                      = {https://hal.inria.fr/inria-00509977}
}

@Article{Ferstl2014,
  Title                    = {Large-Scale Liquid Simulation on Adaptive Hexahedral Grids},
  Author                   = {Ferstl, F. and Westermann, R. and Dick, C.},
  Journal                  = {Visualization and Computer Graphics, IEEE Transactions on},
  Year                     = {2014},
  Number                   = {99},
  Pages                    = {1-1},
  Volume                   = {PP},

  Doi                      = {10.1109/TVCG.2014.2307873},
  ISSN                     = {1077-2626},
  Keywords                 = {adaptive, element refinement, fluid}
}

@InProceedings{Fierz2011,
  Title                    = {Element-wise Mixed Implicit-explicit Integration for Stable Dynamic Simulation of Deformable Objects},
  Author                   = {Fierz, B. and Spillmann, J. and Harders, M.},
  Booktitle                = {Proceedings of the 2011 ACM SIGGRAPH/Eurographics Symposium on Computer Animation},
  Year                     = {2011},
  Pages                    = {257--266},
  Publisher                = {ACM},
  Series                   = {SCA '11},

  Acmid                    = {2019440},
  Doi                      = {10.1145/2019406.2019440},
  ISBN                     = {978-1-4503-0923-3},
  Keywords                 = {adaptive, temporal adaptivity, solid},
  Location                 = {Vancouver, British Columbia, Canada},
  Numpages                 = {10},
  Url                      = {http://doi.acm.org/10.1145/2019406.2019440}
}

@InProceedings{Fong2007,
  Title                    = {Stability of Asynchronous Variational Integrators},
  Author                   = {Fong, William and Darve, Eric and Lew, Adrian},
  Booktitle                = {Proceedings of the 21st International Workshop on Principles of Advanced and Distributed Simulation},
  Year                     = {2007},

  Address                  = {Washington, DC, USA},
  Pages                    = {38--44},
  Publisher                = {IEEE Computer Society},
  Series                   = {PADS '07},

  Acmid                    = {1249010},
  Doi                      = {10.1109/PADS.2007.29},
  ISBN                     = {0-7695-2898-8},
  Numpages                 = {7},
  Url                      = {http://dx.doi.org/10.1109/PADS.2007.29}
}

@InProceedings{Foster2001,
  Title                    = {Practical Animation of Liquids},
  Author                   = {Foster, Nick and Fedkiw, Ronald},
  Booktitle                = {Proceedings of the 28th Annual Conference on Computer Graphics and Interactive Techniques},
  Year                     = {2001},
  Pages                    = {23--30},
  Publisher                = {ACM},
  Series                   = {SIGGRAPH '01},

  Acmid                    = {383261},
  Doi                      = {10.1145/383259.383261},
  ISBN                     = {1-58113-374-X},
  Keywords                 = {Navier-Stokes, animation, computational fluid dynamics, implicit surface, level set, liquids, natural phenomena, particles, semi-Lagrangian, adaptive, temporal adaptivity, fluid},
  Numpages                 = {8},
  Url                      = {http://doi.acm.org/10.1145/383259.383261}
}

@Article{Fournier1986,
  Title                    = {A Simple Model of Ocean Waves},
  Author                   = {Alain Fournier and W. Reeves},
  Journal                  = {Computer Graphics, Proc. ACM SIGGRAPH},
  Year                     = {1986},
  Number                   = {4},
  Pages                    = {75--84},
  Volume                   = {20}
}

@Article{Fries2003,
  Title                    = {Classification and overview of meshfree methods},
  Author                   = {Fries, Thomas-Peter and Matthies, Hermann-Georg},
  Journal                  = {Department of Mathematics and Computer Science, Technical University of Braunschweig},
  Year                     = {2003}
}

@InProceedings{funk2006vector,
  Title                    = {Vector field based shape deformations},
  Author                   = {Wolfram von Funck and Holger Theisel and Hans-Peter Seidel},
  Booktitle                = {ACM TOG, proc. of SIGGRAPH},
  Year                     = {2006}
}

@InProceedings{Gain01FFDmultires,
  Title                    = {Preventing Self-Intersection under Free-Form Deformation},
  Author                   = {James E. Gain and Neil A. Dodgson},
  Booktitle                = {IEEE Transactions on Visualization and Computer Graphics},
  Year                     = {2001},
  Volume                   = {7}
}

@InProceedings{Galoppo2006,
  Title                    = {Fast Simulation of Deformable Models in Contact Using Dynamic Deformation Textures},
  Author                   = {Galoppo, Nico and Otaduy, Miguel A. and Mecklenburg, Paul and Gross, Markus and Lin, Ming C.},
  Booktitle                = {Proceedings of the 2006 ACM SIGGRAPH/Eurographics Symposium on Computer Animation},
  Year                     = {2006},
  Pages                    = {73--82},
  Publisher                = {Eurographics Association},
  Series                   = {SCA '06},

  Acmid                    = {1218074},
  ISBN                     = {3-905673-34-7},
  Keywords                 = {adaptive, mixed models, fluid},
  Location                 = {Vienna, Austria},
  Numpages                 = {10},
  Url                      = {http://dl.acm.org/citation.cfm?id=1218064.1218074}
}

@InProceedings{ganovelli00multiresolution,
  Title                    = {A Multiresolution Model for Soft Objects Supporting Interactive Cuts and Lacerations},
  Author                   = {Fabio Ganovelli and Paolo Cignoni and Claudio Montani and Roberto Scopigno},
  Booktitle                = {Computer Graphics Forum (Proc. EG)},
  Year                     = {2000},
  Volume                   = {19}
}

@InProceedings{Ganovelli1999,
  Title                    = {Introducing Multiresolution Representation in Deformable Object Modeling},
  Author                   = {Fabio Ganovelli and Paolo Cignoni and Roberto Scopigno},
  Booktitle                = {Proceedings of SCCG99},
  Year                     = {1999},
  Pages                    = {149--158},

  Keywords                 = {adaptive, element refinement, solid}
}

@InProceedings{Gayle2006,
  Title                    = {Adaptive Dynamics with Efficient Contact Handling for Articulated Robots.},
  Author                   = {Gayle, Russell and Lin, Ming C. and Manocha, Dinesh},
  Booktitle                = {Robotics: Science and Systems},
  Year                     = {2006},
  Pages                    = {231--238},
  Publisher                = {The MIT Press},

  Keywords                 = {adaptive, temporal adaptivity, rigids}
}

@InProceedings{Gayle2007,
  Title                    = {Efficient motion planning of highly articulated chains using physics-based sampling},
  Author                   = {Gayle, Russell and Redon, Stephane and Sud, Avneesh and Lin, Ming C and Manocha, Dinesh},
  Booktitle                = {Robotics and Automation, 2007 IEEE International Conference on},
  Year                     = {2007},
  Organization             = {IEEE},
  Pages                    = {3319--3326},

  Keywords                 = {adaptive, temporal adaptivity, rigids}
}

@InProceedings{georgii:2006:defoMGridFramework,
  Title                    = {A Multigrid Framework for Real-Time Simulation of Deformable Bodies},
  Author                   = {Joachim Georgii and R{\"u}diger Westermann},
  Booktitle                = {Computer {\&} Graphics},
  Year                     = {2006},
  Volume                   = {30}
}

@Article{Gilles2011,
  Title                    = {Frame-based Elastic Models},
  Author                   = {Gilles, Benjamin and Bousquet, Guillaume and Faure, Francois and Pai, Dinesh K.},
  Journal                  = {ACM Trans. Graph.},
  Year                     = {2011},

  Month                    = apr,
  Number                   = {2},
  Pages                    = {15:1--15:12},
  Volume                   = {30},

  Acmid                    = {1944855},
  Articleno                = {15},
  Doi                      = {10.1145/1944846.1944855},
  ISSN                     = {0730-0301},
  Issue_date               = {April 2011},
  Keywords                 = {Physically-based animation, deformable solids},
  Numpages                 = {12},
  Publisher                = {ACM},
  Url                      = {http://doi.acm.org/10.1145/1944846.1944855}
}

@Article{deGoes2015,
  Title                    = {Power Particles: An Incompressible Fluid Solver Based on Power Diagrams},
  Author                   = {de Goes, Fernando and Wallez, Corentin and Huang, Jin and Pavlov, Dmitry and Desbrun, Mathieu},
  Journal                  = {ACM Trans. Graph.},
  Year                     = {2015},

  Month                    = jul,
  Number                   = {4},
  Pages                    = {50:1--50:11},
  Volume                   = {34},

  Acmid                    = {2766901},
  Address                  = {New York, NY, USA},
  Articleno                = {50},
  Doi                      = {10.1145/2766901},
  ISSN                     = {0730-0301},
  Issue_date               = {August 2015},
  Keywords                 = {Lagrangian fluid simulation, free surface, incompressibility, multiphase flows, power diagrams},
  Numpages                 = {11},
  Publisher                = {ACM},
  Url                      = {http://doi.acm.org/10.1145/2766901}
}

@InProceedings{Goswami2014,
  Title                    = {{Regional Time Stepping for SPH}},
  Author                   = {Goswami, Prashant and Batty, Christopher},
  Booktitle                = {{Eurographics 2014}},
  Year                     = {2014},
  Editor                   = {Eric Galin and Michael Wand },
  Month                    = Apr,
  Pages                    = {45-48},
  Publisher                = {Eurographics Association},

  Affiliation              = {MAVERICK - Inria Grenoble Rh{\^o}ne-Alpes / LJK Laboratoire Jean Kuntzmann , David R. Cheriton School of Computer Science},
  Audience                 = {internationale },
  Doi                      = {10.2312/egsh.20141011 },
  File                     = {RTS\\_2014.pdf:http\://hal.inria.fr/hal-00980592/PDF/RTS\\_2014.pdf:PDF},
  Keywords                 = {regional time stepping, sph, adaptive, temporal adaptivity, fluid},
  Language                 = {Anglais}
}

@InProceedings{Goswami2011,
  Title                    = {Time Adaptive Approximate {SPH}},
  Author                   = {Goswami, Prashant and Pajarola, Renato},
  Booktitle                = {Proceedings Eurographics Workshop on Virtual Reality Interaction and Physical Simulation},
  Year                     = {2011}
}

@InProceedings{Greenwood:2004:BBE:1028523.1028562,
  Title                    = {Better with Bubbles: Enhancing the Visual Realism of Simulated Fluid},
  Author                   = {Greenwood, S. T. and House, D. H.},
  Booktitle                = {Proceedings of the 2004 ACM SIGGRAPH/Eurographics Symposium on Computer Animation},
  Year                     = {2004},

  Address                  = {Aire-la-Ville, Switzerland, Switzerland},
  Pages                    = {287--296},
  Publisher                = {Eurographics Association},
  Series                   = {SCA '04},

  Acmid                    = {1028562},
  Doi                      = {10.1145/1028523.1028562},
  ISBN                     = {3-905673-14-2},
  Location                 = {Grenoble, France},
  Numpages                 = {10},
  Url                      = {http://dx.doi.org/10.1145/1028523.1028562}
}

@Article{Gregson2014,
  Title                    = {From Capture to Simulation: Connecting Forward and Inverse Problems in Fluids},
  Author                   = {Gregson, James and Ihrke, Ivo and Thuerey, Nils and Heidrich, Wolfgang},
  Journal                  = {ACM Trans. Graph.},
  Year                     = {2014},

  Month                    = jul,
  Number                   = {4},
  Pages                    = {139:1--139:11},
  Volume                   = {33},

  Acmid                    = {2601147},
  Address                  = {New York, NY, USA},
  Articleno                = {139},
  Doi                      = {10.1145/2601097.2601147},
  ISSN                     = {0730-0301},
  Issue_date               = {July 2014},
  Keywords                 = {fluid-capture, optimization, velocity estimation},
  Numpages                 = {11},
  Publisher                = {ACM},
  Url                      = {http://doi.acm.org/10.1145/2601097.2601147}
}

@InProceedings{Grinspun2003,
  Title                    = {Discrete Shells},
  Author                   = {Grinspun, Eitan and Hirani, Anil N. and Desbrun, Mathieu and Schr\"{o}der, Peter},
  Booktitle                = {Proceedings of the 2003 ACM SIGGRAPH/Eurographics Symposium on Computer Animation},
  Year                     = {2003},

  Address                  = {Aire-la-Ville, Switzerland, Switzerland},
  Pages                    = {62--67},
  Publisher                = {Eurographics Association},
  Series                   = {SCA '03},

  Acmid                    = {846284},
  ISBN                     = {1-58113-659-5},
  Location                 = {San Diego, California},
  Numpages                 = {6},
  Url                      = {http://dl.acm.org/citation.cfm?id=846276.846284}
}

@Article{Grinspun2002,
  Title                    = {CHARMS: A Simple Framework for Adaptive Simulation},
  Author                   = {Grinspun, Eitan and Krysl, Petr and Schr\"{o}der, Peter},
  Journal                  = {ACM Trans. Graph.},
  Year                     = {2002},

  Month                    = jul,
  Number                   = {3},
  Pages                    = {281--290},
  Volume                   = {21},

  Acmid                    = {566578},
  Doi                      = {10.1145/566654.566578},
  ISSN                     = {0730-0301},
  Issue_date               = {July 2002},
  Keywords                 = {adaptive computation, basis function, multiresolution, refinement relation, subdivision, adaptive, basis refinement, solid, sheets},
  Numpages                 = {10},
  Publisher                = {ACM},
  Url                      = {http://doi.acm.org/10.1145/566654.566578}
}

@Article{Guendelman2003,
  Title                    = {Nonconvex Rigid Bodies with Stacking},
  Author                   = {Guendelman, Eran and Bridson, Robert and Fedkiw, Ronald},
  Journal                  = {ACM Trans. Graph.},
  Year                     = {2003},

  Month                    = jul,
  Number                   = {3},
  Pages                    = {871--878},
  Volume                   = {22},

  Acmid                    = {882358},
  Address                  = {New York, NY, USA},
  Doi                      = {10.1145/882262.882358},
  ISSN                     = {0730-0301},
  Issue_date               = {July 2003},
  Keywords                 = {collision, contact, friction, nonconvex, rigid bodies},
  Numpages                 = {8},
  Publisher                = {ACM},
  Url                      = {http://doi.acm.org/10.1145/882262.882358}
}

@Article{hagen2005visual,
  Title                    = {Visual simulation of shallow-water waves},
  Author                   = {Hagen, Trond Runar and Hjelmervik, Jon M and Lie, K-A and Natvig, Jostein R and Ofstad Henriksen, M},
  Journal                  = {Simulation Modelling Practice and Theory},
  Year                     = {2005},
  Number                   = {8},
  Pages                    = {716--726},
  Volume                   = {13},

  Publisher                = {Elsevier}
}

@Article{Hahn2012,
  Title                    = {Rig-space Physics},
  Author                   = {Hahn, Fabian and Martin, Sebastian and Thomaszewski, Bernhard and Sumner, Robert and Coros, Stelian and Gross, Markus},
  Journal                  = {ACM Trans. Graph.},
  Year                     = {2012},

  Month                    = jul,
  Number                   = {4},
  Pages                    = {72:1--72:8},
  Volume                   = {31},

  Acmid                    = {2185568},
  Address                  = {New York, NY, USA},
  Articleno                = {72},
  Doi                      = {10.1145/2185520.2185568},
  ISSN                     = {0730-0301},
  Issue_date               = {July 2012},
  Keywords                 = {animation control, physically-based simulation},
  Numpages                 = {8},
  Publisher                = {ACM},
  Url                      = {http://doi.acm.org/10.1145/2185520.2185568}
}

@Article{Hahn2014,
  Title                    = {Subspace Clothing Simulation Using Adaptive Bases},
  Author                   = {Hahn, Fabian and Thomaszewski, Bernhard and Coros, Stelian and Sumner, Robert W. and Cole, Forrester and Meyer, Mark and DeRose, Tony and Gross, Markus},
  Journal                  = {ACM Trans. Graph.},
  Year                     = {2014},

  Month                    = jul,
  Number                   = {4},
  Pages                    = {105:1--105:9},
  Volume                   = {33},

  Acmid                    = {2601160},
  Articleno                = {105},
  Doi                      = {10.1145/2601097.2601160},
  ISSN                     = {0730-0301},
  Issue_date               = {July 2014},
  Keywords                 = {physically-based simulation, subspace simulation, adaptive, basis refinement, cloth},
  Numpages                 = {9},
  Publisher                = {ACM},
  Url                      = {http://doi.acm.org/10.1145/2601097.2601160}
}

@InProceedings{Hahn2013,
  Title                    = {Efficient Simulation of Secondary Motion in Rig-space},
  Author                   = {Hahn, Fabian and Thomaszewski, Bernhard and Coros, Stelian and Sumner, Robert W. and Gross, Markus},
  Booktitle                = {Proceedings of the 12th ACM SIGGRAPH/Eurographics Symposium on Computer Animation},
  Year                     = {2013},

  Address                  = {New York, NY, USA},
  Pages                    = {165--171},
  Publisher                = {ACM},
  Series                   = {SCA '13},

  Acmid                    = {2485918},
  Doi                      = {10.1145/2485895.2485918},
  ISBN                     = {978-1-4503-2132-7},
  Keywords                 = {animation control, physically-based simulation},
  Location                 = {Anaheim, California},
  Numpages                 = {7},
  Url                      = {http://doi.acm.org/10.1145/2485895.2485918}
}

@Book{Hairer1993,
  Title                    = {Solving ordinary differential equations {I}: Nonstiff Problems},
  Author                   = {Hairer, Ernst and N{\o}rsett, Syvert P. and Wanner, Gerhard},
  Publisher                = {Springer-Verlag},
  Year                     = {1993},
  Series                   = {Springer Series in Computational Mathematics},
  Volume                   = {8}
}

@Article{Harmon2009,
  Title                    = {Asynchronous Contact Mechanics},
  Author                   = {Harmon, David and Vouga, Etienne and Smith, Breannan and Tamstorf, Rasmus and Grinspun, Eitan},
  Journal                  = {ACM Trans. Graph.},
  Year                     = {2009},

  Month                    = jul,
  Number                   = {3},
  Pages                    = {87:1--87:12},
  Volume                   = {28},

  Acmid                    = {1531393},
  Articleno                = {87},
  Doi                      = {10.1145/1531326.1531393},
  ISSN                     = {0730-0301},
  Issue_date               = {August 2009},
  Keywords                 = {collision, contact, simulation, symplectic, variational, adaptive, temporal adaptivity, cloth},
  Numpages                 = {12},
  Publisher                = {ACM},
  Url                      = {http://doi.acm.org/10.1145/1531326.1531393}
}

@Article{Harmon2013,
  Title                    = {Subspace Integration with Local Deformations},
  Author                   = {Harmon, David and Zorin, Denis},
  Journal                  = {ACM Trans. Graph.},
  Year                     = {2013},

  Month                    = jul,
  Number                   = {4},
  Pages                    = {107:1--107:10},
  Volume                   = {32},

  Acmid                    = {2461922},
  Articleno                = {107},
  Doi                      = {10.1145/2461912.2461922},
  ISSN                     = {0730-0301},
  Issue_date               = {July 2013},
  Keywords                 = {adaptive, basis refinement, solid},
  Numpages                 = {10},
  Publisher                = {ACM},
  Url                      = {http://doi.acm.org/10.1145/2461912.2461922}
}

@Article{He2012,
  Title                    = {Local Poisson SPH For Viscous Incompressible Fluids},
  Author                   = {He, Xiaowei and Liu, Ning and Li, Sheng and Wang, Hongan and Wang, Guoping},
  Journal                  = {Computer Graphics Forum},
  Year                     = {2012},
  Number                   = {6},
  Pages                    = {1948--1958},
  Volume                   = {31},

  Doi                      = {10.1111/j.1467-8659.2012.03074.x},
  ISSN                     = {1467-8659},
  Keywords                 = {Local Poisson SPH, fluid simulation, incompressibility},
  Publisher                = {Blackwell Publishing Ltd},
  Url                      = {http://dx.doi.org/10.1111/j.1467-8659.2012.03074.x}
}

@InProceedings{hegemann2013level,
  Title                    = {A level set method for ductile fracture},
  Author                   = {Hegemann, Jan and Jiang, Chenfanfu and Schroeder, Craig and Teran, Joseph M},
  Booktitle                = {Proceedings of the 12th ACM SIGGRAPH/Eurographics Symposium on Computer Animation},
  Year                     = {2013},
  Organization             = {ACM},
  Pages                    = {193--201}
}

@Article{Hildebrandt2012,
  Title                    = {Interactive Spacetime Control of Deformable Objects},
  Author                   = {Hildebrandt, Klaus and Schulz, Christian and von Tycowicz, Christoph and Polthier, Konrad},
  Journal                  = {ACM Trans. Graph.},
  Year                     = {2012},

  Month                    = jul,
  Number                   = {4},
  Pages                    = {71:1--71:8},
  Volume                   = {31},

  Acmid                    = {2185567},
  Address                  = {New York, NY, USA},
  Articleno                = {71},
  Doi                      = {10.1145/2185520.2185567},
  ISSN                     = {0730-0301},
  Issue_date               = {July 2012},
  Keywords                 = {computer animation, control, model reduction, physical-based animation, spacetime constraints, wiggly splines},
  Numpages                 = {8},
  Publisher                = {ACM},
  Url                      = {http://doi.acm.org/10.1145/2185520.2185567}
}

@Article{Hildebrandt2011,
  Title                    = {Interactive Surface Modeling Using Modal Analysis},
  Author                   = {Hildebrandt, Klaus and Schulz, Christian and Tycowicz, Christoph Von and Polthier, Konrad},
  Journal                  = {ACM Trans. Graph.},
  Year                     = {2011},

  Month                    = oct,
  Number                   = {5},
  Pages                    = {119:1--119:11},
  Volume                   = {30},

  Acmid                    = {2019638},
  Address                  = {New York, NY, USA},
  Articleno                = {119},
  Doi                      = {10.1145/2019627.2019638},
  ISSN                     = {0730-0301},
  Issue_date               = {October 2011},
  Keywords                 = {Geometric modeling, deformation-based modeling, geometric optimization, interactive modeling, modal derivatives, model reduction, surface editing},
  Numpages                 = {11},
  Publisher                = {ACM},
  Url                      = {http://doi.acm.org/10.1145/2019627.2019638}
}

@InProceedings{hinsinger2002,
  Title                    = {{Interactive Animation of Ocean Waves}},
  Author                   = {Hinsinger, Damien and Neyret, Fabrice and Cani, Marie-Paule},
  Booktitle                = {{ACM-SIGGRAPH - EG Symposium on Computer Animation (SCA'02)}},
  Year                     = {2002},

  Address                  = {San Antonio, United States},
  Month                    = Jul,

  Doi                      = {10.1145/545261.545288}
}

@InProceedings{Holmberg2004,
  Title                    = {Efficient Modeling and Rendering of Turbulent Water over Natural Terrain},
  Author                   = {Holmberg, Nathan and W\"{u}nsche, Burkhard C.},
  Booktitle                = {Proceedings of the 2Nd International Conference on Computer Graphics and Interactive Techniques in Australasia and South East Asia},
  Year                     = {2004},
  Pages                    = {15--22},
  Publisher                = {ACM},
  Series                   = {GRAPHITE '04},

  Acmid                    = {988837},
  Doi                      = {10.1145/988834.988837},
  ISBN                     = {1-58113-883-0},
  Keywords                 = {physically-based modeling, turbulent water, water simulation, adaptive, mixed models, fluid},
  Location                 = {Singapore},
  Numpages                 = {8},
  Url                      = {http://doi.acm.org/10.1145/988834.988837}
}

@Article{Hong2005,
  Title                    = {Discontinuous Fluids},
  Author                   = {Hong, Jeong-Mo and Kim, Chang-Hun},
  Journal                  = {ACM Trans. Graph.},
  Year                     = {2005},

  Month                    = jul,
  Number                   = {3},
  Pages                    = {915--920},
  Volume                   = {24},

  Acmid                    = {1073283},
  Doi                      = {10.1145/1073204.1073283},
  ISSN                     = {0730-0301},
  Issue_date               = {July 2005},
  Keywords                 = {bubbly water, capillary instability, multi-phase fluid, natural phenomena, surface tension, viscosity, adaptive, element refinement, fluid},
  Numpages                 = {6},
  Publisher                = {ACM},
  Url                      = {http://doi.acm.org/10.1145/1073204.1073283}
}

@Article{Hong2004,
  Title                    = {Controlling Fluid Animation with Geometric Potential: Research Articles},
  Author                   = {Hong, Jeong-Mo and Kim, Chang-Hun},
  Journal                  = {Comput. Animat. Virtual Worlds},
  Year                     = {2004},

  Month                    = jul,
  Number                   = {3-4},
  Pages                    = {147--157},
  Volume                   = {15},

  Acmid                    = {1071160},
  Address                  = {Chichester, UK},
  Doi                      = {10.1002/cav.v15:3/4},
  ISSN                     = {1546-4261},
  Issue_date               = {July 2004},
  Keywords                 = {computer animation, fluid control, natural simulation, physically based modeling, potential fields, simulation technique},
  Numpages                 = {11},
  Publisher                = {John Wiley and Sons Ltd.},
  Url                      = {http://dx.doi.org/10.1002/cav.v15:3/4}
}

@Article{Hong2008Bubbles,
  Title                    = {Bubbles Alive},
  Author                   = {Hong, Jeong-Mo and Lee, Ho-Young and Yoon, Jong-Chul and Kim, Chang-Hun},
  Journal                  = {ACM Trans. Graph.},
  Year                     = {2008},

  Month                    = aug,
  Number                   = {3},
  Pages                    = {48:1--48:4},
  Volume                   = {27},

  Acmid                    = {1360647},
  Articleno                = {48},
  Doi                      = {10.1145/1360612.1360647},
  ISSN                     = {0730-0301},
  Issue_date               = {August 2008},
  Keywords                 = {bubbles, fluid simulation, grid-based simulation, multiphase fluids, smoothed particle hydrodynamics, adaptive, mixed models, fluid},
  Numpages                 = {4},
  Publisher                = {ACM},
  Url                      = {http://doi.acm.org/10.1145/1360612.1360647}
}

@Article{Hong2008FLIP,
  Title                    = {Adaptive Particles for Incompressible Fluid Simulation},
  Author                   = {Hong, Woosuck and House, Donald H. and Keyser, John},
  Journal                  = {Vis. Comput.},
  Year                     = {2008},

  Month                    = jul,
  Number                   = {7},
  Pages                    = {535--543},
  Volume                   = {24},

  Acmid                    = {1394340},
  Doi                      = {10.1007/s00371-008-0234-z},
  ISSN                     = {0178-2789},
  Issue_date               = {July 2008},
  Keywords                 = {Fluid simulation, Natural phenomenon, Physically based modeling, adaptive element refinement, fluid},
  Numpages                 = {9},
  Publisher                = {Springer-Verlag New York, Inc.},
  Url                      = {http://dx.doi.org/10.1007/s00371-008-0234-z}
}

@InProceedings{Hoppe1996,
  Title                    = {Progressive Meshes},
  Author                   = {Hoppe, Hugues},
  Booktitle                = {Proceedings of the 23rd Annual Conference on Computer Graphics and Interactive Techniques},
  Year                     = {1996},

  Address                  = {New York, NY, USA},
  Pages                    = {99--108},
  Publisher                = {ACM},
  Series                   = {SIGGRAPH '96},

  Acmid                    = {237216},
  Doi                      = {10.1145/237170.237216},
  ISBN                     = {0-89791-746-4},
  Keywords                 = {geometry compression, level of detail, mesh simplification, progressive transmission, shape interpolation},
  Numpages                 = {10},
  Url                      = {http://doi.acm.org/10.1145/237170.237216}
}

@inproceedings{horvath2015empirical,
  title={Empirical directional wave spectra for computer graphics},
  author={Horvath, Christopher J},
  booktitle={Proceedings of the 2015 Symposium on Digital Production},
  pages={29--39},
  year={2015},
  organization={ACM}
}

@TechReport{Horvath2013,
  Title                    = {{Mass Preserving Multi-Scale SPH}},
  Author                   = {Horvath, C and Solenthaler, Barbara},
  Institution              = {Pixar Animation Studios},
  Year                     = {2013},
  Type                     = {Pixar Technical Memo 13-04},

  Keywords                 = {adaptive, element refinement, fluid}
}

@Article{howlett98massspring,
  Title                    = {Mass-Spring Simulation using Adaptive Non-Active Points},
  Author                   = {P. Howlett and W. T. Hewitt},
  Journal                  = {Computer Graphics Forum (Proc. EG)},
  Year                     = {1998},
  Number                   = {3},
  Volume                   = {17}
}

@Article{Huang2013,
  Title                    = {Automated sampling and control of gaseous simulations},
  Author                   = {Huang, Ruoguan and Keyser, John},
  Journal                  = {The Visual Computer},
  Year                     = {2013},
  Number                   = {6-8},
  Pages                    = {751-760},
  Volume                   = {29},

  Doi                      = {10.1007/s00371-013-0798-0},
  ISSN                     = {0178-2789},
  Keywords                 = {Eulerian simulation; Simulation control; Poisson disk sampling; Bilateral sampling},
  Language                 = {English},
  Publisher                = {Springer-Verlag},
  Url                      = {http://dx.doi.org/10.1007/s00371-013-0798-0}
}

@InProceedings{Huang2011:previewGas,
  Title                    = {Preview-based Sampling for Controlling Gaseous Simulations},
  Author                   = {Huang, Ruoguan and Melek, Zeki and Keyser, John},
  Booktitle                = {Proceedings of the 2011 ACM SIGGRAPH/Eurographics Symposium on Computer Animation},
  Year                     = {2011},

  Address                  = {New York, NY, USA},
  Pages                    = {177--186},
  Publisher                = {ACM},
  Series                   = {SCA '11},

  Acmid                    = {2019430},
  Doi                      = {10.1145/2019406.2019430},
  ISBN                     = {978-1-4503-0923-3},
  Location                 = {Vancouver, British Columbia, Canada},
  Numpages                 = {10},
  Url                      = {http://doi.acm.org/10.1145/2019406.2019430}
}

@Book{Huang2011:movingmesh,
  Title                    = {Adaptive moving mesh methods},
  Author                   = {Huang, Weizhang and Russell, Robert D.},
  Publisher                = {Springer},
  Year                     = {2011},
  Series                   = {Applied mathematical sciences},

  ISBN                     = {978-1-4419-7915-5},
  Url                      = {http://opac.inria.fr/record=b1134245}
}

@Article{Huang2015,
  Title                    = {Physically-based smoke simulation for computer graphics: a survey},
  Author                   = {Huang, Zhanpeng and Gong, Guanghong and Han, Liang},
  Journal                  = {Multimedia Tools and Applications},
  Year                     = {2015},
  Number                   = {18},
  Pages                    = {7569-7594},
  Volume                   = {74},

  Doi                      = {10.1007/s11042-014-1992-4},
  ISSN                     = {1380-7501},
  Keywords                 = {Smoke and gaseous phenomena; Physically-based methods; Animation control; Real-time rendering},
  Language                 = {English},
  Publisher                = {Springer US},
  Url                      = {http://dx.doi.org/10.1007/s11042-014-1992-4}
}

@InProceedings{Hutchinson1996,
  Title                    = {Adaptive Refinement for Mass/Spring Simulations},
  Author                   = {Hutchinson, Dave and Preston, Martin and Hewitt, Terry},
  Booktitle                = {Proceedings of the Eurographics Workshop on Computer Animation and Simulation '96},
  Year                     = {1996},
  Pages                    = {31--45},
  Publisher                = {Springer-Verlag New York, Inc.},

  Acmid                    = {274979},
  ISBN                     = {3-211-82885-0},
  Keywords                 = {adaptive refinement, computer animation, deformable bodies, simulation, spring-mass approximations, adaptive, element refinement, cloth},
  Location                 = {Poitiers, France},
  Numpages                 = {15},
  Url                      = {http://dl.acm.org/citation.cfm?id=274976.274979}
}

@Article{Ihmsen2011:ParallelSPH,
  Title                    = {{A Parallel SPH Implementation on Multi-Core CPUs}},
  Author                   = {Ihmsen, Markus and Akinci, Nadir and Becker, Markus and Teschner, Matthias},
  Journal                  = {Computer Graphics Forum},
  Year                     = {2011},

  Doi                      = {10.1111/j.1467-8659.2010.01832.x},
  ISSN                     = {1467-8659},
  Publisher                = {The Eurographics Association and Blackwell Publishing Ltd.}
}

@InProceedings{Ihmsen2010,
  Title                    = {Boundary Handling and Adaptive Time-stepping for PCISPH},
  Author                   = {Markus Ihmsen and Nadir Akinci and Marc Gissler and Matthias Teschner},
  Booktitle                = {Proceedings of the Seventh Workshop on Virtual Reality Interactions and Physical Simulations, VRIPHYS 2010, Copenhagen, Denmark, 2010},
  Year                     = {2010},
  Editor                   = {Kenny Erleben and Jan Bender and Matthias Teschner},
  Pages                    = {79-88},
  Publisher                = {Eurographics Association},

  Citedby                  = {0},
  Cites                    = {0},
  Doi                      = {http://dx.doi.org/10.2312/PE/vriphys/vriphys10/079-088},
  ISBN                     = {978-3-905673-78-4},
  Keywords                 = {adaptive, temporal adaptivity, fluid},
  Researchr                = {http://researchr.org/publication/IhmsenAGT10}
}

@InProceedings{Ihmsen2011;Boundary,
  Title                    = {Boundary handling and adaptive time-stepping for PCISPH},
  Author                   = {Markus Ihmsen and Nadir Akinci and Marc Gissler and Matthias Teschner},
  Booktitle                = {Proceedings of Vriphys},
  Year                     = {2010}
}

@article{Ihmsen2012,
    author = {Ihmsen, Markus and Akinci, Nadir and Akinci, Gizem and Teschner, Matthias},
    title = {Unified Spray, Foam and Air Bubbles for Particle-based Fluids},
    journal = {Vis. Comput.},
    issue_date = {June 2012},
    volume = {28},
    number = {6-8},
    month = jun,
    year = {2012},
    issn = {0178-2789},
    pages = {669--677},
    numpages = {9},
    url = {http://dx.doi.org/10.1007/s00371-012-0697-9},
    doi = {10.1007/s00371-012-0697-9},
    acmid = {2346835},
    publisher = {Springer-Verlag New York, Inc.},
    address = {Secaucus, NJ, USA},
    keywords = {Fluids, Particles}
}

@Article{Ihmsen2014:IISPH,
  Title                    = {Implicit Incompressible SPH},
  Author                   = {Markus Ihmsen and Jens Cornelis and Barbara Solenthaler and Christopher Horvath and Matthias Teschner},
  Journal                  = {IEEE Transactions on Visualization and Computer Graphics},
  Year                     = {2014},
  Number                   = {3},
  Pages                    = {426-435},
  Volume                   = {20},

  Address                  = {Los Alamitos, CA, USA},
  Doi                      = {http://doi.ieeecomputersociety.org/10.1109/TVCG.2013.105},
  ISSN                     = {1077-2626},
  Publisher                = {IEEE Computer Society}
}

@InProceedings{Ihmsen2014:STAR,
  Title                    = {{SPH Fluids in Computer Graphics}},
  Author                   = {Ihmsen, Markus and Orthmann, Jens and Solenthaler, Barbara and Kolb, Andreas and Teschner, Matthias},
  Booktitle                = {Eurographics 2014 - State of the Art Reports},
  Year                     = {2014},
  Editor                   = {Sylvain Lefebvre and Michela Spagnuolo},
  Publisher                = {The Eurographics Association},

  Doi                      = {10.2312/egst.20141034},
  ISSN                     = {1017-4656}
}

@Article{Irving2006,
  Title                    = {Efficient Simulation of Large Bodies of Water by Coupling Two and Three Dimensional Techniques},
  Author                   = {Irving, Geoffrey and Guendelman, Eran and Losasso, Frank and Fedkiw, Ronald},
  Journal                  = {ACM Trans. Graph.},
  Year                     = {2006},

  Month                    = jul,
  Number                   = {3},
  Pages                    = {805--811},
  Volume                   = {25},

  Acmid                    = {1141959},
  Doi                      = {10.1145/1141911.1141959},
  ISSN                     = {0730-0301},
  Issue_date               = {July 2006},
  Keywords                 = {Navier-Stokes equations, adaptive simulation, rivers, streams, water, adaptive, element refinement, fluid},
  Numpages                 = {7},
  Publisher                = {ACM},
  Url                      = {http://doi.acm.org/10.1145/1141911.1141959}
}

@Article{James:03:multiresolutiongreen,
  Title                    = {Multiresolution green's function methods for interactive simulation of large-scale elastostatic objects},
  Author                   = {Doug L. James and Dinesh K. Pai},
  Journal                  = {ACM Transactions on Graphics},
  Year                     = {2003},
  Volume                   = {22}
}

@Article{Jefferson1985,
  Title                    = {Virtual Time},
  Author                   = {Jefferson, David R.},
  Journal                  = {ACM Trans. Program. Lang. Syst.},
  Year                     = {1985},

  Month                    = jul,
  Number                   = {3},
  Pages                    = {404--425},
  Volume                   = {7},

  Acmid                    = {3988},
  Address                  = {New York, NY, USA},
  Doi                      = {10.1145/3916.3988},
  ISSN                     = {0164-0925},
  Issue_date               = {July 1985},
  Numpages                 = {22},
  Publisher                = {ACM},
  Url                      = {http://doi.acm.org/10.1145/3916.3988}
}

@Article{jeschke2015water,
  Title                    = {Water Wave Animation via Wavefront Parameter Interpolation},
  Author                   = {Jeschke, Stefan and Wojtan, Chris},
  Journal                  = {ACM Transactions on Graphics (TOG)},
  Year                     = {2015},
  Number                   = {3},
  Pages                    = {27},
  Volume                   = {34},

  Publisher                = {ACM}
}

@inproceedings{Jiang2016,
   author = {Jiang, Chenfanfu and Schroeder, Craig and Teran, Joseph and Stomakhin, Alexey and Selle, Andrew},
   title = {The Material Point Method for Simulating Continuum Materials},
   booktitle = {ACM SIGGRAPH 2016 Courses},
   series = {SIGGRAPH '16},
   year = {2016},
   isbn = {978-1-4503-4289-6},
   location = {Anaheim, California},
   pages = {24:1--24:52},
   articleno = {24},
   numpages = {52},
   url = {http://doi.acm.org/10.1145/2897826.2927348},
   doi = {10.1145/2897826.2927348},
   acmid = {2927348},
   publisher = {ACM},
   address = {New York, NY, USA}
}

@Article{Jiao2007,
  Title                    = {Face Offsetting: A Unified Approach for Explicit Moving Interfaces},
  Author                   = {Jiao, Xiangmin},
  Journal                  = {J. Comput. Phys.},
  Year                     = {2007},

  Month                    = jan,
  Number                   = {2},
  Pages                    = {612--625},
  Volume                   = {220},

  Acmid                    = {1223706},
  Doi                      = {10.1016/j.jcp.2006.05.021},
  ISSN                     = {0021-9991},
  Issue_date               = {January, 2007},
  Keywords                 = {Entropy condition, Face offsetting, Huygens' principle, Interface propagation, Moving meshes, adaptive, moving mesh, fluid},
  Numpages                 = {14},
  Publisher                = {Academic Press Professional, Inc.},
  Url                      = {http://dx.doi.org/10.1016/j.jcp.2006.05.021}
}

@Article{Jones2016,
  Title                    = {Example-based Plastic Deformation of Rigid Bodies},
  Author                   = {Ben Jones and Nils Thuerey and Tamar Shinar and Adam W. Bargteil},
  Journal                  = {ACM Trans. Graph.},
  Year                     = {2016},

  Month                    = {July},
  Number                   = {4},
  Volume                   = {35}
}

@Article{Jones:2014:DEF,
  Title                    = {Deformation Embedding for Point-Based Elastoplastic Simulation},
  Author                   = {Ben Jones and Stephen Ward and Ashok Jallepalli and Joseph Perenia and Adam Bargteil},
  Journal                  = {ACM Trans. Graph.},
  Year                     = {2014},

  Month                    = {March},
  Number                   = {2},
  Volume                   = {33},

  Keywords                 = {adaptive, element refinement, solid}
}

@Article{Joshi2007,
  Title                    = {Harmonic Coordinates for Character Articulation},
  Author                   = {Joshi, Pushkar and Meyer, Mark and DeRose, Tony and Green, Brian and Sanocki, Tom},
  Journal                  = {ACM Trans. Graph.},
  Year                     = {2007},

  Month                    = jul,
  Number                   = {3},
  Volume                   = {26},

  Acmid                    = {1276466},
  Address                  = {New York, NY, USA},
  Articleno                = {71},
  Doi                      = {10.1145/1276377.1276466},
  ISSN                     = {0730-0301},
  Issue_date               = {July 2007},
  Keywords                 = {barycentric coordinates, free form deformations, mean value coordinates, rigging},
  Publisher                = {ACM},
  Url                      = {http://doi.acm.org/10.1145/1276377.1276466}
}

@InProceedings{Kabul2007,
  Title                    = {Cable Route Planning in Complex Environments Using Constrained Sampling},
  Author                   = {Kabul, Ilknur and Gayle, Russell and Lin, Ming C.},
  Booktitle                = {Proceedings of the 2007 ACM Symposium on Solid and Physical Modeling},
  Year                     = {2007},
  Pages                    = {395--402},
  Publisher                = {ACM},
  Series                   = {SPM '07},

  Acmid                    = {1236303},
  Doi                      = {10.1145/1236246.1236303},
  ISBN                     = {978-1-59593-666-0},
  Keywords                 = {adaptive dynamics, articulated bodies, cable route planning, motion planning, adaptive, temporal adaptivity, rigids},
  Location                 = {Beijing, China},
  Numpages                 = {8},
  Url                      = {http://doi.acm.org/10.1145/1236246.1236303}
}

@InProceedings{kass1990rapid,
  Title                    = {Rapid, stable fluid dynamics for computer graphics},
  Author                   = {Kass, Michael and Miller, Gavin},
  Booktitle                = {ACM SIGGRAPH Computer Graphics},
  Year                     = {1990},
  Number                   = {4},
  Organization             = {ACM},
  Pages                    = {49--57},
  Volume                   = {24}
}

@Article{Kaufman2014,
  Title                    = {Adaptive Nonlinearity for Collisions in Complex Rod Assemblies},
  Author                   = {Kaufman, Danny M. and Tamstorf, Rasmus and Smith, Breannan and Aubry, Jean-Marie and Grinspun, Eitan},
  Journal                  = {ACM Trans. Graph.},
  Year                     = {2014},

  Month                    = jul,
  Number                   = {4},
  Pages                    = {123:1--123:12},
  Volume                   = {33},

  Acmid                    = {2601100},
  Articleno                = {123},
  Doi                      = {10.1145/2601097.2601100},
  ISSN                     = {0730-0301},
  Issue_date               = {July 2014},
  Keywords                 = {collisions, hair, rods, simulation, time-integration, adaptive, temporal adaptivity, hair},
  Numpages                 = {12},
  Publisher                = {ACM},
  Url                      = {http://doi.acm.org/10.1145/2601097.2601100}
}

@Article{Kaufmann2009,
  Title                    = {Enrichment Textures for Detailed Cutting of Shells},
  Author                   = {Kaufmann, Peter and Martin, Sebastian and Botsch, Mario and Grinspun, Eitan and Gross, Markus},
  Journal                  = {ACM Trans. Graph.},
  Year                     = {2009},

  Month                    = jul,
  Number                   = {3},
  Pages                    = {50:1--50:10},
  Volume                   = {28},

  Acmid                    = {1531356},
  Address                  = {New York, NY, USA},
  Articleno                = {50},
  Doi                      = {10.1145/1531326.1531356},
  ISSN                     = {0730-0301},
  Issue_date               = {August 2009},
  Numpages                 = {10},
  Publisher                = {ACM},
  Url                      = {http://doi.acm.org/10.1145/1531326.1531356}
}

@InProceedings{Kaufmann:galerkin:08,
  Title                    = {Flexible simulation of deformable models using discontinuous galerkin fem},
  Author                   = {P. Kaufmann and S. Martin and M. Botsch and M. Gross},
  Booktitle                = {Proc. ACM SIGGRAPH/Eurographics Symposium on Computer animation},
  Year                     = {2008}
}

@InProceedings{Kavan:2007:SDQ:1230100.1230107,
  Title                    = {Skinning with dual quaternions},
  Author                   = {Kavan, Ladislav and Collins, Steven and \v{Z}\'{a}ra, Ji\v{r}\'{\i} and O'Sullivan, Carol},
  Booktitle                = {Proceedings of the ACM symposium on Interactive 3D graphics and games},
  Year                     = {2007}
}

@InProceedings{keeler2014ocean,
  Title                    = {Ocean waves animation using boundary integral equations and explicit mesh tracking},
  Author                   = {Keeler, Todd and Bridson, Robert},
  Booktitle                = {ACM SIGGRAPH 2014 Posters},
  Year                     = {2014},
  Organization             = {ACM},
  Pages                    = {11}
}

@TechReport{Keiser2006,
  Title                    = {{Multiresolution particle-based fluids}},
  Author                   = {Keiser, R and Adams, B and Dutre, P and Guibas, L J and Pauly, M},
  Institution              = {ETH Zurich},
  Year                     = {2006},

  Keywords                 = {adaptive, element refinement, fluid}
}

@InProceedings{Kharevych:coarsening:2009,
  Title                    = {Numerical coarsening of inhomogeneous elastic materials},
  Author                   = {Kharevych, Lily and Mullen, Patrick and Owhadi, Houman and Desbrun, Mathieu},
  Booktitle                = {ACM Transactions on Graphics (Proc. SIGGRAPH)},
  Year                     = {2009},
  Volume                   = {28}
}

@Article{Kim2010MultiPhase,
  Title                    = {Multi-phase Fluid Simulations Using Regional Level Sets},
  Author                   = {Kim, Byungmoon},
  Journal                  = {ACM Trans. Graph.},
  Year                     = {2010},

  Month                    = dec,
  Number                   = {6},
  Pages                    = {175:1--175:8},
  Volume                   = {29},

  Acmid                    = {1866197},
  Articleno                = {175},
  Doi                      = {10.1145/1882261.1866197},
  ISSN                     = {0730-0301},
  Issue_date               = {December 2010},
  Keywords                 = {animation, fluid, level set, simulation, adaptive, element refinement, fluid},
  Numpages                 = {8},
  Publisher                = {ACM},
  Url                      = {http://doi.acm.org/10.1145/1882261.1866197}
}

@Article{Kim2007,
  Title                    = {Simulation of Bubbles in Foam with the Volume Control Method},
  Author                   = {Kim, Byungmoon and Liu, Yingjie and Llamas, Ignacio and Jiao, Xiangmin and Rossignac, Jarek},
  Journal                  = {ACM Trans. Graph.},
  Year                     = {2007},

  Month                    = jul,
  Number                   = {3},
  Volume                   = {26},

  Acmid                    = {1276500},
  Articleno                = {98},
  Doi                      = {10.1145/1276377.1276500},
  ISSN                     = {0730-0301},
  Issue_date               = {July 2007},
  Keywords                 = {adaptive, element refinement, fluid},
  Publisher                = {ACM},
  Url                      = {http://doi.acm.org/10.1145/1276377.1276500}
}

@Article{Kim2012,
  Title                    = {Baroclinic Turbulence with Varying Density and Temperature},
  Author                   = {Doyub Kim and Seung Woo Lee and Oh-young Song and Hyeong-Seok Ko},
  Journal                  = {Visualization and Computer Graphics, IEEE Transactions on},
  Year                     = {2012},

  Month                    = {Sept},
  Number                   = {9},
  Pages                    = {1488-1495},
  Volume                   = {18},

  Doi                      = {10.1109/TVCG.2011.264},
  ISSN                     = {1077-2626},
  Keywords                 = {adaptive, mixed models, fluid}
}

@Article{Kim2010Bubbles,
  Title                    = {A Practical Simulation of Dispersed Bubble Flow},
  Author                   = {Kim, Doyub and Song, Oh-young and Ko, Hyeong-Seok},
  Journal                  = {ACM Trans. Graph.},
  Year                     = {2010},

  Month                    = jul,
  Number                   = {4},
  Pages                    = {70:1--70:5},
  Volume                   = {29},

  Acmid                    = {1778807},
  Articleno                = {70},
  Doi                      = {10.1145/1778765.1778807},
  ISSN                     = {0730-0301},
  Issue_date               = {July 2010},
  Keywords                 = {bubble dynamics, dispersed bubble flow, fluid animation, level set method, two-phase flow, adaptive, mixed models, fluid},
  Numpages                 = {5},
  Publisher                = {ACM},
  Url                      = {http://doi.acm.org/10.1145/1778765.1778807}
}

@Article{Kim2009Stretching,
  Title                    = {Stretching and Wiggling Liquids},
  Author                   = {Kim, Doyub and Song, Oh-young and Ko, Hyeong-Seok},
  Journal                  = {ACM Trans. Graph.},
  Year                     = {2009},

  Month                    = dec,
  Number                   = {5},
  Pages                    = {120:1--120:7},
  Volume                   = {28},

  Acmid                    = {1618466},
  Articleno                = {120},
  Doi                      = {10.1145/1618452.1618466},
  ISSN                     = {0730-0301},
  Issue_date               = {December 2009},
  Keywords                 = {Eulerian vortex sheet method, fluid animation, level set method, surface tracking, adaptive, mixed models, fluid},
  Numpages                 = {7},
  Publisher                = {ACM},
  Url                      = {http://doi.acm.org/10.1145/1618452.1618466}
}

@InProceedings{Kim2006:Splash,
  Title                    = {Practical Animation of Turbulent Splashing Water},
  Author                   = {Kim, Janghee and Cha, Deukhyun and Chang, Byungjoon and Koo, Bonki and Ihm, Insung},
  Booktitle                = {Proceedings of the 2006 ACM SIGGRAPH/Eurographics Symposium on Computer Animation},
  Year                     = {2006},
  Pages                    = {335--344},
  Publisher                = {Eurographics Association},
  Series                   = {SCA '06},

  Acmid                    = {1218110},
  ISBN                     = {3-905673-34-7},
  Keywords                 = {adaptive, mixed models, fluid},
  Location                 = {Vienna, Austria},
  Numpages                 = {10},
  Url                      = {http://dl.acm.org/citation.cfm?id=1218064.1218110}
}

@Article{Kim:2011:FSS,
  Title                    = {Fast simulation of skeleton-driven deformable body characters},
  Author                   = {Kim, Junggon and Pollard, Nancy S.},
  Journal                  = {ACM Transactions on Graphics},
  Year                     = {2011},
  Volume                   = {30}
}

@Article{Kim2008View,
  Title                    = {View-dependent dynamics of articulated bodies},
  Author                   = {Kim, Sujeong and Redon, Stephane and Kim, Young J.},
  Journal                  = {Computer Animation and Virtual Worlds},
  Year                     = {2008},
  Number                   = {3-4},
  Pages                    = {223--233},
  Volume                   = {19},

  Doi                      = {10.1002/cav.245},
  ISSN                     = {1546-427X},
  Keywords                 = {dynamics, kinematics, level-of-detail, simulation, articulated bodies, adaptive, element refinement, cloth},
  Publisher                = {John Wiley \& Sons, Ltd.},
  Url                      = {http://dx.doi.org/10.1002/cav.245}
}

@Article{Kim2008Collision,
  Title                    = {{Continuous Collision Detection for Adaptive Simulation of Articulated Bodies}},
  Author                   = {Kim, Sujeong and Redon, Stephane and Kim, Young, J.},
  Journal                  = {Visual Computer},
  Year                     = {2008},

  Month                    = {Apr},
  Number                   = {4 },
  Pages                    = {261-269},
  Volume                   = {24},

  Affiliation              = {EWHA Womans University - EWHA , I3D - INRIA Grenoble Rh{\^o}ne-Alpes / LIG Laboratoire d'Informatique de Grenoble , NANO-D - INRIA Grenoble Rh{\^o}ne-Alpes / LJK Laboratoire Jean Kuntzmann},
  Audience                 = {international },
  Doi                      = {10.1007/s00371-007-0196-6 },
  Hal_id                   = {inria-00390311},
  Keywords                 = {adaptive, temporal adaptivity, rigids},
  Language                 = {English},
  Publisher                = {Springer-Verlag},
  Url                      = {http://hal.inria.fr/inria-00390311}
}

@InProceedings{Kim:2009:SSD,
  Title                    = {Skipping steps in deformable simulation with online model reduction},
  Author                   = {Kim, Theodore and James, Doug L.},
  Booktitle                = {ACM Transactions on Graphics (Proc. SIGGRAPH Asia)},
  Year                     = {2009},
  Volume                   = {28}
}

@Article{Kim2009Skipping,
  Title                    = {Skipping Steps in Deformable Simulation with Online Model Reduction},
  Author                   = {Kim, Theodore and James, Doug L.},
  Journal                  = {ACM Trans. Graph.},
  Year                     = {2009},

  Month                    = dec,
  Number                   = {5},
  Pages                    = {123:1--123:9},
  Volume                   = {28},

  Acmid                    = {1618469},
  Articleno                = {123},
  Doi                      = {10.1145/1618452.1618469},
  ISSN                     = {0730-0301},
  Issue_date               = {December 2009},
  Keywords                 = {character skinning, dimensional model reduction, nonlinear solid mechanics, reduced-order modeling, subspace deformation, subspace integration, adaptive, basis refinement, solid},
  Numpages                 = {9},
  Publisher                = {ACM},
  Url                      = {http://doi.acm.org/10.1145/1618452.1618469}
}

@Article{kim2013closest,
  Title                    = {Closest point turbulence for liquid surfaces},
  Author                   = {Kim, Theodore and Tessendorf, Jerry and Thuerey, Nils},
  Journal                  = {ACM Transactions on Graphics (TOG)},
  Year                     = {2013},
  Number                   = {2},
  Pages                    = {15},
  Volume                   = {32},

  Publisher                = {ACM}
}

@InProceedings{Kim2006:SmokeControl,
  Title                    = {Path-based Control of Smoke Simulations},
  Author                   = {Kim, Yootai and Machiraju, Raghu and Thompson David},
  Booktitle                = {Proceedings of the 2006 ACM SIGGRAPH/Eurographics Symposium on Computer Animation},
  Year                     = {2006},

  Address                  = {Aire-la-Ville, Switzerland, Switzerland},
  Pages                    = {33--42},
  Publisher                = {Eurographics Association},
  Series                   = {SCA '06},

  Acmid                    = {1218069},
  ISBN                     = {3-905673-34-7},
  Location                 = {Vienna, Austria},
  Numpages                 = {10},
  Url                      = {http://dl.acm.org/citation.cfm?id=1218064.1218069}
}

@Article{Klingner2006,
  Title                    = {Fluid Animation with Dynamic Meshes},
  Author                   = {Klingner, Bryan M. and Feldman, Bryan E. and Chentanez, Nuttapong and O'Brien, James F.},
  Journal                  = {ACM Trans. Graph.},
  Year                     = {2006},

  Month                    = jul,
  Number                   = {3},
  Pages                    = {820--825},
  Volume                   = {25},

  Acmid                    = {1141961},
  Doi                      = {10.1145/1141911.1141961},
  ISSN                     = {0730-0301},
  Issue_date               = {July 2006},
  Keywords                 = {computational fluid dynamics, natural phenomena, physically based animation, adaptive, element refinement, fluid},
  Numpages                 = {6},
  Publisher                = {ACM},
  Url                      = {http://doi.acm.org/10.1145/1141911.1141961}
}

@InProceedings{Klingner2007,
  Title                    = {Aggressive Tetrahedral Mesh Improvement},
  Author                   = {Bryan Matthew Klingner and Jonathan Richard Shewchuk},
  Booktitle                = {Proceedings of the 16th International Meshing Roundtable},
  Year                     = {2007},
  Month                    = oct,
  Pages                    = {3--23},

  Url                      = {http://graphics.cs.berkeley.edu/papers/Klingner-ATM-2007-10/}
}

@InProceedings{Koh2014,
  Title                    = {View-Dependent Adaptive Cloth Simulation},
  Author                   = {Woojong Koh and Rahul Narain and James F. O'Brien},
  Booktitle                = {The Eurographics / {ACM} {SIGGRAPH} Symposium on Computer Animation, {SCA} '14, Copenhagen, Denmark, 2014.},
  Year                     = {2014},
  Pages                    = {159--166},
  Publisher                = {Eurographics Association},

  Doi                      = {10.2312/sca.20141134},
  Keywords                 = {adaptive, element refinement, cloth},
  Url                      = {http://dx.doi.org/10.2312/sca.20141134}
}

@InProceedings{Kondo2005,
  Title                    = {Directable Animation of Elastic Objects},
  Author                   = {Kondo, Ryo and Kanai, Takashi and Anjyo, Ken-ichi},
  Booktitle                = {Proceedings of the 2005 ACM SIGGRAPH/Eurographics Symposium on Computer Animation},
  Year                     = {2005},

  Address                  = {New York, NY, USA},
  Pages                    = {127--134},
  Publisher                = {ACM},
  Series                   = {SCA '05},

  Acmid                    = {1073385},
  Doi                      = {10.1145/1073368.1073385},
  ISBN                     = {1-59593-198-8},
  Location                 = {Los Angeles, California},
  Numpages                 = {8},
  Url                      = {http://doi.acm.org/10.1145/1073368.1073385}
}

@InProceedings{Koschier2014,
  Title                    = {Adaptive Tetrahedral Meshes for Brittle Fracture Simulation},
  Author                   = {Dan Koschier and Sebastian Lipponer and Jan Bender},
  Booktitle                = {Proceedings of the 2014 ACM SIGGRAPH/Eurographics Symposium on Computer Animation},
  Year                     = {2014},
  Publisher                = {Eurographics Association},

  Keywords                 = {adaptive, element refinement, solid},
  Location                 = {Copenhagen, Denmark}
}

@Article{kruskal1956shortest,
  Title                    = {On the shortest spanning subtree of a graph and the traveling salesman problem},
  Author                   = {Kruskal, Joseph B},
  Journal                  = {Proceedings of the American Mathematical society},
  Year                     = {1956},
  Number                   = {1},
  Pages                    = {48--50},
  Volume                   = {7},

  Publisher                = {JSTOR}
}

@InProceedings{Kry:eigenskin,
  Title                    = {EigenSkin: real time large deformation character skinning in hardware},
  Author                   = {Paul G. Kry and Doug L. James and Dinesh K. Pai},
  Booktitle                = {Proc. ACM SIGGRAPH/Eurographics Symposium on Computer animation},
  Year                     = {2002},
  Pages                    = {153--159},

  Doi                      = {http://doi.acm.org/10.1145/545261.545286},
  ISBN                     = {1-58113-573-4}
}

@Article{Labelle2007,
  Title                    = {Isosurface Stuffing: Fast Tetrahedral Meshes with Good Dihedral Angles},
  Author                   = {Labelle, Fran\c{c}ois and Shewchuk, Jonathan Richard},
  Journal                  = {ACM Trans. Graph.},
  Year                     = {2007},

  Month                    = jul,
  Number                   = {3},
  Volume                   = {26},

  Acmid                    = {1276448},
  Articleno                = {57},
  Doi                      = {10.1145/1276377.1276448},
  ISSN                     = {0730-0301},
  Issue_date               = {July 2007},
  Keywords                 = {dihedral angle, isosurface, tetrahedral mesh generation},
  Publisher                = {ACM},
  Url                      = {http://doi.acm.org/10.1145/1276377.1276448}
}

@Article{Lax1956,
  Title                    = {Survey of the stability of linear finite difference equations},
  Author                   = {Lax, P. D. and Richtmyer, R. D.},
  Journal                  = {Communications on Pure and Applied Mathematics},
  Year                     = {1956},
  Number                   = {2},
  Pages                    = {267--293},
  Volume                   = {9},

  Doi                      = {10.1002/cpa.3160090206},
  ISSN                     = {1097-0312},
  Publisher                = {Wiley Subscription Services, Inc., A Wiley Company},
  Url                      = {http://dx.doi.org/10.1002/cpa.3160090206}
}

@article{Lamouret1996,
   TITLE = {{Scripting Interactive Physically-Based Motions with Relative Paths and Synchronization.}},
   AUTHOR = {Lamouret, Alexis and Cani, Marie-Paule},
   URL = {https://hal.inria.fr/inria-00537530},
   NOTE = {Preliminary version in Graphics Interface 95, published under the name Marie-Paule Gascuel},
   JOURNAL = {{Computer Graphics Forum}},
   PUBLISHER = {{Wiley}},
   SERIES = {Computer Graphics Forum},
   VOLUME = {15},
   NUMBER = {1},
   PAGES = {25-34},
   YEAR = {1996},
   DOI = {10.1111/1467-8659.1510025},
   KEYWORDS = {animation ; simulation ; motion control},
   PDF = {https://hal.inria.fr/inria-00537530/file/10.1.1.16.5037.pdf},
   HAL_ID = {inria-00537530},
   HAL_VERSION = {v1}
}

@Article{layton2002numerically,
  Title                    = {A numerically efficient and stable algorithm for animating water waves},
  Author                   = {Layton, Anita T and van de Panne, Michiel},
  Journal                  = {The Visual Computer},
  Year                     = {2002},
  Number                   = {1},
  Pages                    = {41--53},
  Volume                   = {18},

  Publisher                = {Springer}
}

@InProceedings{Lejemble2015,
  Title                    = {Interactive Procedural Simulation of Paper Tearing with Sound},
  Author                   = {Lejemble, Thibault and Fondevilla, Am{\'e}lie and Durin, Nicolas and Blanc-Beyne, Thibault and Schreck, Camille and Manteaux, Pierre-Luc and Kry, Paul G. and Cani, Marie-Paule},
  Booktitle                = {Proceedings of the 8th ACM SIGGRAPH Conference on Motion in Games},
  Year                     = {2015},

  Address                  = {New York, NY, USA},
  Pages                    = {143--149},
  Publisher                = {ACM},
  Series                   = {MIG '15},

  Acmid                    = {2822029},
  Doi                      = {10.1145/2822013.2822029},
  ISBN                     = {978-1-4503-3991-9},
  Keywords                 = {paper, real-time, sound, tearing},
  Location                 = {Paris, France},
  Numpages                 = {7},
  Url                      = {http://doi.acm.org/10.1145/2822013.2822029}
}

@InProceedings{Lenoir:spline:2005,
  Title                    = {Adaptive resolution of 1D mechanical B-spline},
  Author                   = {Lenoir, Julien and Grisoni, Laurent and Chaillou, Christophe and Meseure, Philippe},
  Booktitle                = {Proc. ACM GRAPHITE},
  Year                     = {2005}
}

@Article{Lew2004,
  Title                    = {Variational time integrators},
  Author                   = {A. Lew and J. E. Marsden and M. Ortiz and M. West},
  Journal                  = {Int. J. Numer. Methods Eng},
  Year                     = {2004},
  Pages                    = {153--212},
  Volume                   = {60}
}

@Article{Li2013,
  Title                    = {Thin Skin Elastodynamics},
  Author                   = {Li, Duo and Sueda, Shinjiro and Neog, Debanga R. and Pai, Dinesh K.},
  Journal                  = {ACM Trans. Graph.},
  Year                     = {2013},

  Month                    = jul,
  Number                   = {4},
  Pages                    = {49:1--49:10},
  Volume                   = {32},

  Acmid                    = {2462008},
  Articleno                = {49},
  Doi                      = {10.1145/2461912.2462008},
  ISSN                     = {0730-0301},
  Issue_date               = {July 2013},
  Keywords                 = {constrained simulation, eulerian simulation, faces, hands, physically-based simulation, skin, adaptive, mixed models, sheets},
  Numpages                 = {10},
  Publisher                = {ACM},
  Url                      = {http://doi.acm.org/10.1145/2461912.2462008}
}

@InProceedings{Li2005,
  Title                    = {Cloth Animation with Adaptively Refined Meshes},
  Author                   = {Li, Ling and Volkov, Vasily},
  Booktitle                = {Proceedings of the Twenty-eighth Australasian Conference on Computer Science - Volume 38},
  Year                     = {2005},

  Address                  = {Darlinghurst, Australia, Australia},
  Pages                    = {107--113},
  Publisher                = {Australian Computer Society, Inc.},
  Series                   = {ACSC '05},

  Acmid                    = {1082173},
  ISBN                     = {1-920-68220-1},
  Keywords                 = {adaptive mesh, cloth animation, refinement and simplification},
  Location                 = {Newcastle, Australia},
  Numpages                 = {7},
  Url                      = {http://dl.acm.org/citation.cfm?id=1082161.1082173}
}

@Article{Li2014,
  Title                    = {Space-time Editing of Elastic Motion Through Material Optimization and Reduction},
  Author                   = {Li, Siwang and Huang, Jin and de Goes, Fernando and Jin, Xiaogang and Bao, Hujun and Desbrun, Mathieu},
  Journal                  = {ACM Trans. Graph.},
  Year                     = {2014},

  Month                    = jul,
  Number                   = {4},
  Pages                    = {108:1--108:10},
  Volume                   = {33},

  Acmid                    = {2601217},
  Address                  = {New York, NY, USA},
  Articleno                = {108},
  Doi                      = {10.1145/2601097.2601217},
  ISSN                     = {0730-0301},
  Issue_date               = {July 2014},
  Keywords                 = {elastic animation, model reduction, motion editing, space and time constraints},
  Numpages                 = {10},
  Publisher                = {ACM},
  Url                      = {http://doi.acm.org/10.1145/2601097.2601217}
}

@Article{Liu2013,
  Title                    = {Simulation and Control of Skeleton-driven Soft Body Characters},
  Author                   = {Liu, Libin and Yin, KangKang and Wang, Bin and Guo, Baining},
  Journal                  = {ACM Trans. Graph.},
  Year                     = {2013},

  Month                    = nov,
  Number                   = {6},
  Pages                    = {215:1--215:8},
  Volume                   = {32},

  Acmid                    = {2508427},
  Address                  = {New York, NY, USA},
  Articleno                = {215},
  Doi                      = {10.1145/2508363.2508427},
  ISSN                     = {0730-0301},
  Issue_date               = {November 2013},
  Keywords                 = {finite element method, motion control, physics-based animation, plasticity model, soft body simulation},
  Numpages                 = {8},
  Publisher                = {ACM},
  Url                      = {http://doi.acm.org/10.1145/2508363.2508427}
}

@Article{lomenie2008,
    TITLE = {MorphologicalMesh Filtering and -objects},
    AUTHOR = {Lom{\'e}nie, Nicolas and Stamon, Georges},
    URL = {https://hal.archives-ouvertes.fr/hal-00873440},
    JOURNAL = {Pattern Recognition Letters},
    VOLUME = {29},
    NUMBER = {10},
    PAGES = {1571-1579},
    YEAR = {2008},
    MONTH = Jul
}

@Article{Losasso2005,
  Title                    = {Spatially adaptive techniques for level set methods and incompressible flow},
  Author                   = {Frank Losasso and Ronald Fedkiw and Stanley Osher},
  Journal                  = {Computers and Fluids},
  Year                     = {2005},
  Volume                   = {35},

  Keywords                 = {adaptive, element refinement, fluid}
}

@Article{Losasso2004,
  Title                    = {Simulating Water and Smoke with an Octree Data Structure},
  Author                   = {Losasso, Frank and Gibou, Fr{\'e}d{\'e}ric and Fedkiw, Ron},
  Journal                  = {ACM Trans. Graph.},
  Year                     = {2004},

  Month                    = aug,
  Number                   = {3},
  Pages                    = {457--462},
  Volume                   = {23},

  Acmid                    = {1015745},
  Doi                      = {10.1145/1015706.1015745},
  ISSN                     = {0730-0301},
  Issue_date               = {August 2004},
  Keywords                 = {adaptive mesh refinement, level set, octree data structure, particles, physics-based animation, smoke, water, adaptive, element refinement, fluid},
  Numpages                 = {6},
  Publisher                = {ACM},
  Url                      = {http://doi.acm.org/10.1145/1015706.1015745}
}

@Article{Losasso2008,
  Title                    = {Two-Way Coupled SPH and Particle Level Set Fluid Simulation},
  Author                   = {Losasso, Frank and Talton, Jerry and Kwatra, Nipun and Fedkiw, Ronald},
  Journal                  = {IEEE Transactions on Visualization and Computer Graphics},
  Year                     = {2008},

  Month                    = jul,
  Number                   = {4},
  Pages                    = {797--804},
  Volume                   = {14},

  Acmid                    = {1373251},
  Doi                      = {10.1109/TVCG.2008.37},
  ISSN                     = {1077-2626},
  Issue_date               = {July 2008},
  Keywords                 = {Animation, Animation, Physically based modeling, Physically based modeling, adaptive, mixed models, fluid},
  Numpages                 = {8},
  Publisher                = {IEEE Educational Activities Department},
  Url                      = {http://dx.doi.org/10.1109/TVCG.2008.37}
}

@inproceedings{Muller2008,
  author = {M\"{u}ller, Matthias and Stam, Jos and James, Doug and Th\"{u}rey, Nils},
  title = {Real Time Physics: Class Notes},
  booktitle = {ACM SIGGRAPH 2008 Classes},
  series = {SIGGRAPH '08},
  year = {2008},
  location = {Los Angeles, California},
  pages = {88:1--88:90},
  articleno = {88},
  numpages = {90},
  url = {http://doi.acm.org/10.1145/1401132.1401245},
  doi = {10.1145/1401132.1401245},
  acmid = {1401245},
  publisher = {ACM},
  address = {New York, NY, USA}
} 

@InProceedings{Muller2004:virtualMaterials,
  Title                    = {Interactive Virtual Materials},
  Author                   = {M. M{\"u}ller and M. Gross},
  Booktitle                = {Proc. Graphics Interface},
  Year                     = {2004}
}

@InProceedings{Muller2005,
  Title                    = {Meshless deformations based on shape matching},
  Author                   = {M{\"u}ller, Matthias and Heidelberger, Bruno and Teschner, Matthias and Gross, Markus},
  Booktitle                = {ACM Transactions on Graphics (Proc. SIGGRAPH)},
  Year                     = {2005},
  Volume                   = {24}
}

@InProceedings{Muller2003,
  Title                    = {Particle-based Fluid Simulation for Interactive Applications},
  Author                   = {M\"{u}ller, Matthias and Charypar, David and Gross, Markus},
  Booktitle                = {Proceedings of the 2003 ACM SIGGRAPH/Eurographics Symposium on Computer Animation},
  Year                     = {2003},
  Pages                    = {154--159},
  Publisher                = {Eurographics Association},
  Series                   = {SCA '03},

  Acmid                    = {846298},
  ISBN                     = {1-58113-659-5},
  Location                 = {San Diego, California},
  Numpages                 = {6},
  Url                      = {http://dl.acm.org/citation.cfm?id=846276.846298}
}

@InProceedings{Muller2011,
  Title                    = {Solid simulation with oriented particles},
  Author                   = {M\"{u}ller, Matthias and Chentanez, Nuttapong},
  Booktitle                = {ACM Transactions on Graphics (Proc. SIGGRAPH)},
  Year                     = {2011},
  Volume                   = {30}
}

@InProceedings{Muller2004:melting,
  Title                    = {Point Based Animation of Elastic, Plastic and Melting Objects},
  Author                   = {M\"{u}ller, M. and Keiser, R. and Nealen, A. and Pauly, M. and Gross, M. and Alexa, M.},
  Booktitle                = {Proceedings of the 2004 ACM SIGGRAPH/Eurographics Symposium on Computer Animation},
  Year                     = {2004},

  Address                  = {Aire-la-Ville, Switzerland, Switzerland},
  Pages                    = {141--151},
  Publisher                = {Eurographics Association},
  Series                   = {SCA '04},

  Acmid                    = {1028542},
  Doi                      = {10.1145/1028523.1028542},
  ISBN                     = {3-905673-14-2},
  Location                 = {Grenoble, France},
  Numpages                 = {11},
  Url                      = {http://dx.doi.org/10.1145/1028523.1028542}
}

@InProceedings{Madill2013,
  Title                    = {Target Particle Control of Smoke Simulation},
  Author                   = {Madill, Jamie and Mould, David},
  Booktitle                = {Proceedings of Graphics Interface 2013},
  Year                     = {2013},

  Address                  = {Toronto, Ont., Canada, Canada},
  Pages                    = {125--132},
  Publisher                = {Canadian Information Processing Society},
  Series                   = {GI '13},

  Acmid                    = {2532151},
  ISBN                     = {978-1-4822-1680-6},
  Location                 = {Regina, Sascatchewan, Canada},
  Numpages                 = {8},
  Url                      = {http://dl.acm.org/citation.cfm?id=2532129.2532151}
}

@InProceedings{thalmann88,
  Title                    = {Joint dependent local deformations for hand animation and object grasping},
  Author                   = {N. Magnenat-Thalmann and R. Laperri{\`e}re and D. Thalmann},
  Booktitle                = {Graphics interface},
  Year                     = {1988},
  Pages                    = {26--33},

  Owner                    = {bgilles},
  Timestamp                = {2010.01.18}
}

@InProceedings{Manteaux2013,
  Title                    = {Exploring the Use of Adaptively Restrained Particles for Graphics Simulations},
  Author                   = {Manteaux, Pierre-Luc and Faure, Fran{\c{c}}ois and Redon, Stephane and Cani, Marie-Paule},
  Booktitle                = {VRIPHYS 2013 - 10th Workshop on Virtual Reality Interaction and Physical Simulation},
  Year                     = {2013},

  Address                  = {Lille, France},
  Pages                    = {17-24},
  Publisher                = {Eurographics Association},
  Series                   = {VRIPHYS 2013 - 10th Workshop on Virtual Reality Interaction and Physical Simulation},

  Doi                      = {10.2312/PE.vriphys.vriphys13.017-024},
  Keywords                 = {Motion , Physically based modeling , Adaptivity , Particle system},
  Url                      = {https://hal.inria.fr/hal-00914653}
}

@InProceedings{Manteaux2015,
  Title                    = {Interactive Detailed Cutting of Thin Sheets},
  Author                   = {Manteaux, Pierre-Luc and Sun, Wei-Lun and Faure, Fran{\c{c}}ois and Cani, Marie-Paule and O'Brien, James F.},
  Booktitle                = {Proceedings of the 8th ACM SIGGRAPH Conference on Motion in Games},
  Year                     = {2015},

  Address                  = {New York, NY, USA},
  Pages                    = {125--132},
  Publisher                = {ACM},
  Series                   = {MIG '15},

  Acmid                    = {2822018},
  Doi                      = {10.1145/2822013.2822018},
  ISBN                     = {978-1-4503-3991-9},
  Keywords                 = {cutting, interactive, physics-based animation, thin sheets},
  Location                 = {Paris, France},
  Numpages                 = {8},
  Url                      = {http://doi.acm.org/10.1145/2822013.2822018}
}

@article {Manteaux2016,
    author = {Manteaux, P.-L. and Wojtan, C. and Narain, R. and Redon, S. and Faure, F. and Cani, M.-P.},
    title = {Adaptive Physically Based Models in Computer Graphics},
    journal = {Computer Graphics Forum},
    issn = {1467-8659},
    url = {http://dx.doi.org/10.1111/cgf.12941},
    doi = {10.1111/cgf.12941},
    pages = {n/a--n/a},
    keywords = {adaptivity, physically based animation, I.3.7 Computer GraphicsThree-Dimensional Graphics and Realism-Animation},
    year = {2016}
}

@Article{Martin2010,
  Title                    = {Unified Simulation of Elastic Rods, Shells, and Solids},
  Author                   = {Sebastian Martin and Peter Kaufmann and Mario Botsch and Eitan Grinspun and Markus Gross},
  Journal                  = {ACM Trans. on Graphics (Proc. SIGGRAPH)},
  Year                     = {2010},
  Number                   = {3},
  Pages                    = {39:1-39:10},
  Volume                   = {29}
}

@InProceedings{Martin2008,
  Title                    = {Polyhedral finite elements using harmonic basis functions},
  Author                   = {Martin, Sebastian and Kaufmann, Peter and Botsch, Mario and Wicke, Martin and Gross, Markus},
  Booktitle                = {Proc. Eurographics Symposium on Geometry Processing},
  Year                     = {2008}
}

@InProceedings{Martin2011,
  Title                    = {Example-based Elastic Materials},
  Author                   = {Martin, Sebastian and Thomaszewski, Bernhard and Grinspun, Eitan and Gross, Markus},
  Booktitle                = {ACM SIGGRAPH 2011 Papers},
  Year                     = {2011},

  Address                  = {New York, NY, USA},
  Pages                    = {72:1--72:8},
  Publisher                = {ACM},
  Series                   = {SIGGRAPH '11},

  Acmid                    = {1964967},
  Articleno                = {72},
  Doi                      = {10.1145/1964921.1964967},
  ISBN                     = {978-1-4503-0943-1},
  Keywords                 = {control, elastic solids, physically-based simulation},
  Location                 = {Vancouver, British Columbia, Canada},
  Numpages                 = {8},
  Url                      = {http://doi.acm.org/10.1145/1964921.1964967}
}

@InProceedings{McAdams2011,
  Title                    = {Efficient elasticity for character skinning with contact and collisions},
  Author                   = {McAdams, Aleka and Zhu, Yongning and Selle, Andrew and Empey, Mark and Tamstorf, Rasmus and Teran, Joseph and Sifakis, Eftychios},
  Booktitle                = {ACM Transactions on Graphics (Proc. SIGGRAPH)},
  Year                     = {2011},
  Volume                   = {30}
}

@Article{McNamara2004,
  Title                    = {Fluid Control Using the Adjoint Method},
  Author                   = {McNamara, Antoine and Treuille, Adrien and Popovi\'{c}, Zoran and Stam, Jos},
  Journal                  = {ACM Trans. Graph.},
  Year                     = {2004},

  Month                    = aug,
  Number                   = {3},
  Pages                    = {449--456},
  Volume                   = {23},

  Acmid                    = {1015744},
  Address                  = {New York, NY, USA},
  Doi                      = {10.1145/1015706.1015744},
  ISSN                     = {0730-0301},
  Issue_date               = {August 2004},
  Keywords                 = {Adjoint Method, Inverse Control, Optimization},
  Numpages                 = {8},
  Publisher                = {ACM},
  Url                      = {http://doi.acm.org/10.1145/1015706.1015744}
}

@Article{Mercier2015,
  Title                    = {Surface Turbulence for Particle-based Liquid Simulations},
  Author                   = {Mercier, Olivier and Beauchemin, Cynthia and Thuerey, Nils and Kim, Theodore and Nowrouzezahrai, Derek},
  Journal                  = {ACM Trans. Graph.},
  Year                     = {2015},

  Month                    = oct,
  Number                   = {6},
  Pages                    = {202:1--202:10},
  Volume                   = {34},

  Acmid                    = {2818115},
  Address                  = {New York, NY, USA},
  Articleno                = {202},
  Doi                      = {10.1145/2816795.2818115},
  ISSN                     = {0730-0301},
  Issue_date               = {November 2015},
  Keywords                 = {lagrangian fluid simulation, wave turbulence},
  Numpages                 = {10},
  Publisher                = {ACM},
  Url                      = {http://doi.acm.org/10.1145/2816795.2818115}
}

@InProceedings{Mirtich2000,
  Title                    = {Timewarp Rigid Body Simulation},
  Author                   = {Mirtich, Brian},
  Booktitle                = {Proceedings of the 27th Annual Conference on Computer Graphics and Interactive Techniques},
  Year                     = {2000},

  Address                  = {New York, NY, USA},
  Pages                    = {193--200},
  Publisher                = {ACM Press/Addison-Wesley Publishing Co.},
  Series                   = {SIGGRAPH '00},

  Acmid                    = {344866},
  Doi                      = {10.1145/344779.344866},
  ISBN                     = {1-58113-208-5},
  Keywords                 = {animation, physics based modeling},
  Numpages                 = {8},
  Url                      = {http://dx.doi.org/10.1145/344779.344866}
}

@Article{Misztal2012a,
  Title                    = {Topology-adaptive Interface Tracking Using the Deformable Simplicial Complex},
  Author                   = {Misztal, Marek Krzysztof and B{\ae}rentzen, Jakob Andreas},
  Journal                  = {ACM Trans. Graph.},
  Year                     = {2012},

  Month                    = jun,
  Number                   = {3},
  Pages                    = {24:1--24:12},
  Volume                   = {31},

  Acmid                    = {2167082},
  Articleno                = {24},
  Doi                      = {10.1145/2167076.2167082},
  ISSN                     = {0730-0301},
  Issue_date               = {May 2012},
  Keywords                 = {Deformable models, surface tracking, tetrahedral meshes, adaptive, element refinement, fluid},
  Numpages                 = {12},
  Publisher                = {ACM},
  Url                      = {http://doi.acm.org/10.1145/2167076.2167082}
}

@InProceedings{Misztal2012b,
  Title                    = {Multiphase Flow of Immiscible Fluids on Unstructured Moving Meshes},
  Author                   = {Misztal, M. K. and Erleben, K. and Bargteil, A. and Fursund, J. and Christensen, B. Bunch and B{\ae}rentzen, J. A. and Bridson, R.},
  Booktitle                = {Proceedings of the ACM SIGGRAPH/Eurographics Symposium on Computer Animation},
  Year                     = {2012},
  Pages                    = {97--106},
  Publisher                = {Eurographics Association},
  Series                   = {SCA '12},

  Acmid                    = {2422372},
  ISBN                     = {978-3-905674-37-8},
  Keywords                 = {adaptive, element refinement, fluid},
  Location                 = {Lausanne, Switzerland},
  Numpages                 = {10},
  Url                      = {http://dl.acm.org/citation.cfm?id=2422356.2422372}
}

@Article{Molino2004,
  Title                    = {A Virtual Node Algorithm for Changing Mesh Topology During Simulation},
  Author                   = {Molino, Neil and Bao, Zhaosheng and Fedkiw, Ron},
  Journal                  = {ACM Trans. Graph.},
  Year                     = {2004},

  Month                    = aug,
  Number                   = {3},
  Pages                    = {385--392},
  Volume                   = {23},

  Acmid                    = {1015734},
  Address                  = {New York, NY, USA},
  Doi                      = {10.1145/1015706.1015734},
  ISSN                     = {0730-0301},
  Issue_date               = {August 2004},
  Keywords                 = {changing mesh topology, finite elements, fracture, sculpting, virtual surgery},
  Numpages                 = {8},
  Publisher                = {ACM},
  Url                      = {http://doi.acm.org/10.1145/1015706.1015734}
}

@InProceedings{Molino2003,
  Title                    = {A Crystalline, Red Green Strategy for Meshing Highly Deformable Objects with Tetrahedra},
  Author                   = {Neil Molino and Robert Bridson and Joseph Teran and Ronald Fedkiw},
  Booktitle                = {{IMR}},
  Year                     = {2003},
  Pages                    = {103--114},

  Bibsource                = {dblp computer science bibliography, http://dblp.org},
  Biburl                   = {http://dblp.uni-trier.de/rec/bib/conf/imr/MolinoBTF03},
  Timestamp                = {Tue, 16 Sep 2014 12:08:30 +0200},
  Url                      = {http://www.andrew.cmu.edu/user/sowen/abstracts/Mo975.html}
}

@Article{Monaghan2005,
  Title                    = {{Smoothed particle hydrodynamics}},
  Author                   = {Monaghan J.~J},
  Journal                  = {Reports on Progress in Physics},
  Year                     = {2005},

  Month                    = aug,
  Number                   = {8},
  Pages                    = {1703--1759},
  Volume                   = {68},

  Doi                      = {10.1088/0034-4885/68/8/R01},
  ISSN                     = {0034-4885},
  Url                      = {http://stacks.iop.org/0034-4885/68/i=8/a=R01?key=crossref.c562820df517a049ca7f11d0aefe49b4}
}

@Article{Monaghan1992,
  Title                    = {Smoothed particle hydrodynamics},
  Author                   = {Monaghan J.~J.},
  Journal                  = {Annual Review of Astronomy and Astrophysics},
  Year                     = {1992},
  Pages                    = {543-574},
  Volume                   = {30}
}

@InProceedings{Morin2007,
  Title                    = {A Force-Feedback Algorithm for Adaptive Articulated-Body Dynamics Simulation},
  Author                   = {Morin, S. and Redon, S.},
  Booktitle                = {Robotics and Automation, 2007 IEEE International Conference on},
  Year                     = {2007},
  Month                    = {April},
  Pages                    = {3245-3250},

  Doi                      = {10.1109/ROBOT.2007.363973},
  ISSN                     = {1050-4729},
  Keywords                 = {adaptive systems;divide and conquer methods;force feedback;haptic interfaces;adaptive articulated-body dynamics simulation;force feedback;haptic interaction;logarithmic complexity;multithreaded structure;Computational modeling;Displays;Equations;Fluid dynamics;Force feedback;Haptic interfaces;Heuristic algorithms;Proteins;Robots;Virtual environment}
}

@Article{Mould1997,
  Title                    = {Modeling water for computer graphics},
  Author                   = {David Mould and Yee{-}Hong Yang},
  Journal                  = {Computers {\&} Graphics},
  Year                     = {1997},
  Number                   = {6},
  Pages                    = {801--814},
  Volume                   = {21},

  Bibsource                = {dblp computer science bibliography, http://dblp.org},
  Biburl                   = {http://dblp.uni-trier.de/rec/bib/journals/cg/MouldY97},
  Doi                      = {10.1016/S0097-8493(97)00059-9},
  Keywords                 = {adaptive, mixed models, fluid},
  Timestamp                = {Tue, 16 Sep 2014 12:10:43 +0200},
  Url                      = {http://dx.doi.org/10.1016/S0097-8493(97)00059-9}
}

@InProceedings{Narain2007,
  Title                    = {Feature-guided Dynamic Texture Synthesis on Continuous Flows},
  Author                   = {Narain, Rahul and Kwatra, Vivek and Lee, Huai-Ping and Kim, Theodore and Carlson, Mark and Lin, Ming C.},
  Booktitle                = {Proceedings of the 18th Eurographics Conference on Rendering Techniques},
  Year                     = {2007},

  Address                  = {Aire-la-Ville, Switzerland, Switzerland},
  Pages                    = {361--370},
  Publisher                = {Eurographics Association},
  Series                   = {EGSR'07},

  Acmid                    = {2383893},
  Doi                      = {10.2312/EGWR/EGSR07/361-370},
  ISBN                     = {978-3-905673-52-4},
  Location                 = {Grenoble, France},
  Numpages                 = {10},
  Url                      = {http://dx.doi.org/10.2312/EGWR/EGSR07/361-370}
}

@Article{Narain2013,
  Title                    = {Folding and Crumpling Adaptive Sheets},
  Author                   = {Narain, Rahul and Pfaff, Tobias and O'Brien, James F.},
  Journal                  = {ACM Trans. Graph.},
  Year                     = {2013},

  Month                    = jul,
  Number                   = {4},
  Pages                    = {51:1--51:8},
  Volume                   = {32},

  Acmid                    = {2462010},
  Articleno                = {51},
  Doi                      = {10.1145/2461912.2462010},
  ISSN                     = {0730-0301},
  Issue_date               = {July 2013},
  Keywords                 = {bending, cloth simulation, paper, plastic deformation, thin sheets, adaptive, element refinement, sheets},
  Numpages                 = {8},
  Publisher                = {ACM},
  Url                      = {http://doi.acm.org/10.1145/2461912.2462010}
}

@Article{Narain2012,
  Title                    = {Adaptive Anisotropic Remeshing for Cloth Simulation},
  Author                   = {Narain, Rahul and Samii, Armin and O'Brien, James F.},
  Journal                  = {ACM Trans. Graph.},
  Year                     = {2012},

  Month                    = nov,
  Number                   = {6},
  Pages                    = {152:1--152:10},
  Volume                   = {31},

  Acmid                    = {2366171},
  Articleno                = {152},
  Doi                      = {10.1145/2366145.2366171},
  ISSN                     = {0730-0301},
  Issue_date               = {November 2012},
  Keywords                 = {anisotropic remeshing, augmented Lagrangian method, cloth simulation, dynamic remeshing, strain limiting, adaptive, element refinement, cloth},
  Numpages                 = {10},
  Publisher                = {ACM},
  Url                      = {http://doi.acm.org/10.1145/2366145.2366171}
}

@Article{Nealen2006,
  Title                    = {Physically Based Deformable Models in Computer Graphics},
  Author                   = {Nealen, Andrew and Müller, Matthias and Keiser, Richard and Boxerman, Eddy and Carlson, Mark},
  Journal                  = {Computer Graphics Forum},
  Year                     = {2006},
  Number                   = {4},
  Pages                    = {809--836},
  Volume                   = {25},

  Doi                      = {10.1111/j.1467-8659.2006.01000.x},
  ISSN                     = {1467-8659},
  Keywords                 = {physically based animation, deformation, continuum elasticity, time integration, FEM, mass-spring, mesh-free methods, modal analysis, fluid animation, I.3.5 Computer Graphics: Physically based modeling, I.3.7 Computer Graphics: Animation and virtual reality},
  Publisher                = {Blackwell Publishing Ltd},
  Url                      = {http://dx.doi.org/10.1111/j.1467-8659.2006.01000.x}
}

@Article{Nesme2009,
  Title                    = {{Preserving Topology and Elasticity for Embedded Deformable Models}},
  Author                   = {Nesme, Matthieu and Kry, Paul and Jerabkova, Lenka and Faure, Fran{\c c}ois},
  Journal                  = {{ACM Transactions on Graphics}},
  Year                     = {2009},

  Month                    = Aug,
  Number                   = {3},
  Pages                    = {Article No. 52},
  Volume                   = {28},

  Doi                      = {10.1145/1531326.1531358},
  File                     = {composite.pdf:https\://hal.inria.fr/inria-00394451/file/composite.pdf:PDF},
  Hal_id                   = {inria-00394451},
  Hal_version              = {v1},
  Publisher                = {{Association for Computing Machinery (ACM)}},
  Series                   = {Proceedings of ACM SIGGRAPH 2009},
  Url                      = {https://hal.inria.fr/inria-00394451}
}

@Article{Nielsen2011,
  Title                    = {Guide Shapes for High Resolution Naturalistic Liquid Simulation},
  Author                   = {Nielsen, Michael B. and Bridson, Robert},
  Journal                  = {ACM Trans. Graph.},
  Year                     = {2011},

  Month                    = jul,
  Number                   = {4},
  Pages                    = {83:1--83:8},
  Volume                   = {30},

  Acmid                    = {1964978},
  Address                  = {New York, NY, USA},
  Articleno                = {83},
  Doi                      = {10.1145/2010324.1964978},
  ISSN                     = {0730-0301},
  Issue_date               = {July 2011},
  Keywords                 = {animation, constructive solid geometry, fluid modeling, fluid simulation, physically based animation},
  Numpages                 = {8},
  Publisher                = {ACM},
  Url                      = {http://doi.acm.org/10.1145/2010324.1964978}
}

@Article{Nielsen2010,
  Title                    = {Improved Variational Guiding of Smoke Animations},
  Author                   = {Nielsen, Michael B. and Christensen, Brian B.},
  Journal                  = {Computer Graphics Forum},
  Year                     = {2010},
  Number                   = {2},
  Pages                    = {705--712},
  Volume                   = {29},

  Doi                      = {10.1111/j.1467-8659.2009.01640.x},
  ISSN                     = {1467-8659},
  Keywords                 = {Computer Graphics [I.3.7]: Animation},
  Publisher                = {Blackwell Publishing Ltd},
  Url                      = {http://dx.doi.org/10.1111/j.1467-8659.2009.01640.x}
}

@InProceedings{Nielsen2009,
  Title                    = {Guiding of Smoke Animations Through Variational Coupling of Simulations at Different Resolutions},
  Author                   = {Nielsen, Michael B. and Christensen, Brian B. and Zafar, Nafees Bin and Roble, Doug and Museth, Ken},
  Booktitle                = {Proceedings of the 2009 ACM SIGGRAPH/Eurographics Symposium on Computer Animation},
  Year                     = {2009},

  Address                  = {New York, NY, USA},
  Pages                    = {217--226},
  Publisher                = {ACM},
  Series                   = {SCA '09},

  Acmid                    = {1599499},
  Doi                      = {10.1145/1599470.1599499},
  ISBN                     = {978-1-60558-610-6},
  Location                 = {New Orleans, Louisiana},
  Numpages                 = {10},
  Url                      = {http://doi.acm.org/10.1145/1599470.1599499}
}

@InProceedings{OBrien2002,
  Title                    = {Graphical Modeling and Animation of Ductile Fracture},
  Author                   = {James F. O'Brien and Adam W. Bargteil and Jessica K. Hodgins},
  Booktitle                = {Proceedings of ACM SIGGRAPH 2002},
  Year                     = {2002},
  Month                    = aug,
  Pages                    = {291--294},
  Publisher                = {ACM Press},

  Location                 = {San Antonio, Texas},
  Url                      = {http://graphics.cs.berkeley.edu/papers/Obrien-GMA-2002-08/}
}

@InProceedings{OBrien1999,
  Title                    = {Graphical Modeling and Animation of Brittle Fracture},
  Author                   = {James F. O'Brien and Jessica K. Hodgins},
  Booktitle                = {Proceedings of ACM SIGGRAPH 1999},
  Year                     = {1999},
  Month                    = aug,
  Pages                    = {137--146},
  Publisher                = {ACM Press/Addison-Wesley Publishing Co.},

  Doi                      = {http://doi.acm.org/10.1145/311535.311550},
  Url                      = {http://graphics.cs.berkeley.edu/papers/Obrien-GMA-1999-08/}
}

@InProceedings{OBrien1995,
  Title                    = {Dynamic Simulation of Splashing Fluids},
  Author                   = {O'Brien, J. F. and Hodgins, J. K.},
  Booktitle                = {Proceedings of the Computer Animation},
  Year                     = {1995},
  Pages                    = {198--},
  Publisher                = {IEEE Computer Society},
  Series                   = {CA '95},

  Acmid                    = {791474},
  ISBN                     = {0-8186-7062-2},
  Keywords                 = {computer animation, computer-generated animation, digital simulation, dynamic behavior, dynamic simulation, fluids, physics computing, splashes, splashing fluid simulation, video frames, waves, adaptive, mixed models, fluid},
  Url                      = {http://dl.acm.org/citation.cfm?id=791214.791474}
}

@Article{Okabe2015,
  Title                    = {Fluid Volume Modeling from Sparse Multi-view Images by Appearance Transfer},
  Author                   = {Okabe, Makoto and Dobashi, Yoshinori and Anjyo, Ken and Onai, Rikio},
  Journal                  = {ACM Trans. Graph.},
  Year                     = {2015},

  Month                    = jul,
  Number                   = {4},
  Pages                    = {93:1--93:10},
  Volume                   = {34},

  Acmid                    = {2766958},
  Address                  = {New York, NY, USA},
  Articleno                = {93},
  Doi                      = {10.1145/2766958},
  ISSN                     = {0730-0301},
  Issue_date               = {August 2015},
  Keywords                 = {image-based modeling, natural phenomena animation, single-view modeling, texture analysis/synthesis, volume modeling},
  Numpages                 = {10},
  Publisher                = {ACM},
  Url                      = {http://doi.acm.org/10.1145/2766958}
}

@Article{Orthmann2012,
  Title                    = {Temporal Blending for Adaptive SPH},
  Author                   = {Orthmann, Jens and Kolb, Andreas},
  Journal                  = {Comp. Graph. Forum},
  Year                     = {2012},

  Month                    = dec,
  Number                   = {8},
  Pages                    = {2436--2449},
  Volume                   = {31},

  Acmid                    = {2393484},
  Doi                      = {10.1111/j.1467-8659.2012.03186.x},
  ISSN                     = {0167-7055},
  Issue_date               = {December 2012},
  Keywords                 = {I.3.7 [Computer Graphics]: Three-Dimensional Graphics and Realism-Animation, adaptive, element refinement, fluid},
  Numpages                 = {14},
  Publisher                = {John Wiley \& Sons, Inc.},
  Url                      = {http://dx.doi.org/10.1111/j.1467-8659.2012.03186.x}
}

@InProceedings{Otaduy2007,
  Title                    = {Adaptive Deformations with Fast Tight Bounds},
  Author                   = {Otaduy, Miguel A. and Germann, Daniel and Redon, Stephane and Gross, Markus},
  Booktitle                = {Proceedings of the 2007 ACM SIGGRAPH/Eurographics Symposium on Computer Animation},
  Year                     = {2007},
  Pages                    = {181--190},
  Publisher                = {Eurographics Association},
  Series                   = {SCA '07},

  Acmid                    = {1272715},
  ISBN                     = {978-1-59593-624-0},
  Keywords                 = {adaptive, element refinement, solid},
  Location                 = {San Diego, California},
  Numpages                 = {10},
  Url                      = {http://dl.acm.org/citation.cfm?id=1272690.1272715}
}

@InProceedings{Pai2014,
  Title                    = {Eulerian Solids for Soft Tissue and More},
  Author                   = {Pai, Dinesh K. and Levin, David I. W. and Fan, Ye},
  Booktitle                = {ACM SIGGRAPH 2014 Courses},
  Year                     = {2014},

  Address                  = {New York, NY, USA},
  Pages                    = {22:1--22:151},
  Publisher                = {ACM},
  Series                   = {SIGGRAPH '14},

  Acmid                    = {2615413},
  Articleno                = {22},
  Doi                      = {10.1145/2614028.2615413},
  ISBN                     = {978-1-4503-2962-0},
  Keywords                 = {adaptive, moving mesh, solid},
  Location                 = {Vancouver, Canada},
  Numpages                 = {151},
  Url                      = {http://doi.acm.org/10.1145/2614028.2615413}
}

@Article{Pan2013,
  Title                    = {Interactive Localized Liquid Motion Editing},
  Author                   = {Pan, Zherong and Huang, Jin and Tong, Yiying and Zheng, Changxi and Bao, Hujun},
  Journal                  = {ACM Trans. Graph.},
  Year                     = {2013},

  Month                    = nov,
  Number                   = {6},
  Pages                    = {184:1--184:10},
  Volume                   = {32},

  Acmid                    = {2508429},
  Address                  = {New York, NY, USA},
  Articleno                = {184},
  Doi                      = {10.1145/2508363.2508429},
  ISSN                     = {0730-0301},
  Issue_date               = {November 2013},
  Keywords                 = {deformation, fluid simulation, sketch},
  Numpages                 = {10},
  Publisher                = {ACM},
  Url                      = {http://doi.acm.org/10.1145/2508363.2508429}
}

@InProceedings{Parker2009,
  Title                    = {Real-Time Deformation and Fracture in a Game Environment},
  Author                   = {Eric G. Parker and James F. O'Brien},
  Booktitle                = {Proceedings of the ACM SIGGRAPH/Eurographics Symposium on Computer Animation},
  Year                     = {2009},
  Month                    = aug,
  Pages                    = {156--166},

  Url                      = {http://graphics.berkeley.edu/papers/Parker-RTD-2009-08/}
}

@InProceedings{Patkar2013,
  Title                    = {A Hybrid Lagrangian-Eulerian Formulation for Bubble Generation and Dynamics},
  Author                   = {Patkar, Saket and Aanjaneya, Mridul and Karpman, Dmitriy and Fedkiw, Ronald},
  Booktitle                = {Proceedings of the 12th ACM SIGGRAPH/Eurographics Symposium on Computer Animation},
  Year                     = {2013},
  Pages                    = {105--114},
  Publisher                = {ACM},
  Series                   = {SCA '13},

  Acmid                    = {2485912},
  Doi                      = {10.1145/2485895.2485912},
  ISBN                     = {978-1-4503-2132-7},
  Keywords                 = {bubbles, cavitation, entrainment, water, adaptive, mixed models, fluid},
  Location                 = {Anaheim, California},
  Numpages                 = {10},
  Url                      = {http://doi.acm.org/10.1145/2485895.2485912}
}

@InProceedings{Patterson2012,
  Title                    = {Simulation of Complex Nonlinear Elastic Bodies using Lattice Deformers},
  Author                   = { T. Patterson and N. Mitchell and E. Sifakis},
  Booktitle                = {ACM Transactions on Graphics (Proc. SIGGRAPH Asia)},
  Year                     = {2012},
  Volume                   = {31}
}

@Article{Pauly2005,
  Title                    = {Meshless Animation of Fracturing Solids},
  Author                   = {Pauly, Mark and Keiser, Richard and Adams, Bart and Dutr{\'e}, Philip and Gross, Markus and Guibas, Leonidas J.},
  Journal                  = {ACM Trans. Graph.},
  Year                     = {2005},

  Month                    = jul,
  Number                   = {3},
  Pages                    = {957--964},
  Volume                   = {24},

  Acmid                    = {1073296},
  Doi                      = {10.1145/1073204.1073296},
  ISSN                     = {0730-0301},
  Issue_date               = {July 2005},
  Keywords                 = {elasticity, fracture, meshless methods, physics-based animation, plasticity, adaptive, element refinement, solid},
  Numpages                 = {8},
  Publisher                = {ACM},
  Url                      = {http://doi.acm.org/10.1145/1073204.1073296}
}

@Article{Pfaff2014,
  Title                    = {Adaptive Tearing and Cracking of Thin Sheets},
  Author                   = {Pfaff, Tobias and Narain, Rahul and de Joya, Juan Miguel and O'Brien, James F.},
  Journal                  = {ACM Trans. Graph.},
  Year                     = {2014},

  Month                    = jul,
  Number                   = {4},
  Pages                    = {110:1--110:9},
  Volume                   = {33},

  Acmid                    = {2601132},
  Articleno                = {110},
  Doi                      = {10.1145/2601097.2601132},
  ISSN                     = {0730-0301},
  Issue_date               = {July 2014},
  Keywords                 = {bending, cracking, fracture simulation, plastic deformation, shells, tearing, thin sheets, adaptive, element refinement, sheets},
  Numpages                 = {9},
  Publisher                = {ACM},
  Url                      = {http://doi.acm.org/10.1145/2601097.2601132}
}

@Article{Pfaff2010,
  Title                    = {Scalable Fluid Simulation Using Anisotropic Turbulence Particles},
  Author                   = {Pfaff, Tobias and Thuerey, Nils and Cohen, Jonathan and Tariq, Sarah and Gross, Markus},
  Journal                  = {ACM Trans. Graph.},
  Year                     = {2010},

  Month                    = dec,
  Number                   = {6},
  Pages                    = {174:1--174:8},
  Volume                   = {29},

  Acmid                    = {1866196},
  Articleno                = {174},
  Doi                      = {10.1145/1882261.1866196},
  ISSN                     = {0730-0301},
  Issue_date               = {December 2010},
  Keywords                 = {fluid simulation, physically based animation, turbulence, adaptive, mixed models, fluid},
  Numpages                 = {8},
  Publisher                = {ACM},
  Url                      = {http://doi.acm.org/10.1145/1882261.1866196}
}

@Article{Pfaff2012,
  Title                    = {Lagrangian Vortex Sheets for Animating Fluids},
  Author                   = {Pfaff, Tobias and Thuerey, Nils and Gross, Markus},
  Journal                  = {ACM Trans. Graph.},
  Year                     = {2012},

  Month                    = jul,
  Number                   = {4},
  Pages                    = {112:1--112:8},
  Volume                   = {31},

  Acmid                    = {2185608},
  Articleno                = {112},
  Doi                      = {10.1145/2185520.2185608},
  ISSN                     = {0730-0301},
  Issue_date               = {July 2012},
  Keywords                 = {fluid simulation, turbulence, adaptive, mixed models, fluid},
  Numpages                 = {8},
  Publisher                = {ACM},
  Url                      = {http://doi.acm.org/10.1145/2185520.2185608}
}

@Article{Pfaff2009,
  Title                    = {Synthetic Turbulence Using Artificial Boundary Layers},
  Author                   = {Pfaff, Tobias and Thuerey, Nils and Selle, Andrew and Gross, Markus},
  Journal                  = {ACM Trans. Graph.},
  Year                     = {2009},

  Month                    = dec,
  Number                   = {5},
  Pages                    = {121:1--121:10},
  Volume                   = {28},

  Acmid                    = {1618467},
  Articleno                = {121},
  Doi                      = {10.1145/1618452.1618467},
  ISSN                     = {0730-0301},
  Issue_date               = {December 2009},
  Keywords                 = {fluid simulation, physically based animation, turbulence, adaptive, mixed mode, fluid},
  Numpages                 = {10},
  Publisher                = {ACM},
  Url                      = {http://doi.acm.org/10.1145/1618452.1618467}
}

@article{Peer2015,
   author = {Peer, Andreas and Ihmsen, Markus and Cornelis, Jens and Teschner, Matthias},
   title = {An Implicit Viscosity Formulation for SPH Fluids},
   journal = {ACM Trans. Graph.},
   issue_date = {August 2015},
   volume = {34},
   number = {4},
   month = jul,
   year = {2015},
   issn = {0730-0301},
   pages = {114:1--114:10},
   articleno = {114},
   numpages = {10},
   url = {http://doi.acm.org/10.1145/2766925},
   doi = {10.1145/2766925},
   acmid = {2766925},
   publisher = {ACM},
   address = {New York, NY, USA},
   keywords = {fluid simulation, physically-based animation, smoothed particle hydrodynamics, viscosity}
} 

@InProceedings{Pighin2004,
  Title                    = {Modeling and Editing Flows Using Advected Radial Basis Functions},
  Author                   = {Pighin, Fr{\'e}d{\'e}ric and Cohen, Jonathan M. and Shah, Maurya},
  Booktitle                = {Proceedings of the 2004 ACM SIGGRAPH/Eurographics Symposium on Computer Animation},
  Year                     = {2004},

  Address                  = {Aire-la-Ville, Switzerland, Switzerland},
  Pages                    = {223--232},
  Publisher                = {Eurographics Association},
  Series                   = {SCA '04},

  Acmid                    = {1028552},
  Doi                      = {10.1145/1028523.1028552},
  ISBN                     = {3-905673-14-2},
  Location                 = {Grenoble, France},
  Numpages                 = {10},
  Url                      = {http://dx.doi.org/10.1145/1028523.1028552}
}

@Article{Ponchio2008,
  Title                    = {Interactive Rendering of Dynamic Geometry},
  Author                   = {Ponchio, Federico and Hormann, Kai},
  Journal                  = {IEEE Transaction on Visualization and Computer Graphics},
  Year                     = {2008},

  Month                    = {Jul},
  Number                   = {4},
  Pages                    = {914--925},
  Volume                   = {14},

  Keywords                 = {dynamic meshs, multiresolution, animation, GPU},
  Url                      = {http://vcg.isti.cnr.it/Publications/2008/PH08}
}

@Article{Popovic2003,
  Title                    = {Motion Sketching for Control of Rigid-body Simulations},
  Author                   = {Popovi\'{c}, Jovan and Seitz, Steven M. and Erdmann, Michael},
  Journal                  = {ACM Trans. Graph.},
  Year                     = {2003},

  Month                    = oct,
  Number                   = {4},
  Pages                    = {1034--1054},
  Volume                   = {22},

  Acmid                    = {944025},
  Address                  = {New York, NY, USA},
  Doi                      = {10.1145/944020.944025},
  ISSN                     = {0730-0301},
  Issue_date               = {October 2003},
  Keywords                 = {Physically based animation, animation with constraints, user interface design},
  Numpages                 = {21},
  Publisher                = {ACM},
  Url                      = {http://doi.acm.org/10.1145/944020.944025}
}

@InProceedings{Popovic2000,
  Title                    = {Interactive Manipulation of Rigid Body Simulations},
  Author                   = {Popovi\'{c}, Jovan and Seitz, Steven M. and Erdmann, Michael and Popovi\'{c}, Zoran and Witkin, Andrew},
  Booktitle                = {Proceedings of the 27th Annual Conference on Computer Graphics and Interactive Techniques},
  Year                     = {2000},

  Address                  = {New York, NY, USA},
  Pages                    = {209--217},
  Publisher                = {ACM Press/Addison-Wesley Publishing Co.},
  Series                   = {SIGGRAPH '00},

  Acmid                    = {344880},
  Doi                      = {10.1145/344779.344880},
  ISBN                     = {1-58113-208-5},
  Keywords                 = {animation with constraints, physically based animation},
  Numpages                 = {9},
  Url                      = {http://dx.doi.org/10.1145/344779.344880}
}

@Book{Press:1992:NRC:148286,
  Title                    = {Numerical recipes in C (2nd ed.): the art of scientific computing},
  Author                   = {Press, William H. and Teukolsky, Saul A. and Vetterling, William T. and Flannery, Brian P.},
  Publisher                = {Cambridge University Press},
  Year                     = {1992},

  Address                  = {New York, NY, USA},

  ISBN                     = {0-521-43108-5}
}

@InCollection{Provot1997,
  Title                    = {Collision and self-collision handling in cloth model dedicated to design garments},
  Author                   = {Provot, Xavier},
  Booktitle                = {Computer Animation and Simulation '97},
  Publisher                = {Springer Vienna},
  Year                     = {1997},
  Editor                   = {Thalmann, Daniel and van de Panne, Michiel},
  Pages                    = {177-189},
  Series                   = {Eurographics},

  Doi                      = {10.1007/978-3-7091-6874-5_13},
  ISBN                     = {978-3-211-83048-2},
  Language                 = {English},
  Url                      = {http://dx.doi.org/10.1007/978-3-7091-6874-5_13}
}

@article{Qiu2016,
  author = {Qiu, Linhai and Lu, Wenlong and Fedkiw, Ronald},
  title = {An Adaptive Discretization of Compressible Flow Using a Multitude of Moving Cartesian Grids},
  journal = {J. Comput. Phys.},
  issue_date = {January 2016},
  volume = {305},
  number = {C},
  month = jan,
  year = {2016},
  issn = {0021-9991},
  pages = {75--110},
  numpages = {36},
  url = {http://dx.doi.org/10.1016/j.jcp.2015.10.025},
  doi = {10.1016/j.jcp.2015.10.025},
  acmid = {2870159},
  publisher = {Academic Press Professional, Inc.},
  address = {San Diego, CA, USA},
  keywords = {Chimera grids, Compressible flow, Conservative scheme, High order diffusion, Semi-implicit formulation, Voronoi mesh},
} 

@Article{Remillard2013,
  Title                    = {Embedded Thin Shells for Wrinkle Simulation},
  Author                   = {R{\'e}millard, Olivier and Kry, Paul G.},
  Journal                  = {ACM Trans. Graph.},
  Year                     = {2013},

  Month                    = jul,
  Number                   = {4},
  Pages                    = {50:1--50:8},
  Volume                   = {32},

  Acmid                    = {2462018},
  Address                  = {New York, NY, USA},
  Articleno                = {50},
  Doi                      = {10.1145/2461912.2462018},
  ISSN                     = {0730-0301},
  Issue_date               = {July 2013},
  Keywords                 = {constraints, finite elements, shape functions, shells},
  Numpages                 = {8},
  Publisher                = {ACM},
  Url                      = {http://doi.acm.org/10.1145/2461912.2462018}
}

@InProceedings{Raveendran2012,
  Title                    = {Controlling Liquids Using Meshes},
  Author                   = {Raveendran, Karthik and Thuerey, Nils and Wojtan, Chris and Turk, Greg},
  Booktitle                = {Proceedings of the ACM SIGGRAPH/Eurographics Symposium on Computer Animation},
  Year                     = {2012},

  Address                  = {Aire-la-Ville, Switzerland, Switzerland},
  Pages                    = {255--264},
  Publisher                = {Eurographics Association},
  Series                   = {SCA '12},

  Acmid                    = {2422393},
  ISBN                     = {978-3-905674-37-8},
  Location                 = {Lausanne, Switzerland},
  Numpages                 = {10},
  Url                      = {http://dl.acm.org/citation.cfm?id=2422356.2422393}
}

@Article{Raveendran2014,
  Title                    = {Blending Liquids},
  Author                   = {Raveendran, Karthik and Wojtan, Chris and Thuerey, Nils and Turk, Greg},
  Journal                  = {ACM Trans. Graph.},
  Year                     = {2014},

  Month                    = jul,
  Number                   = {4},
  Pages                    = {137:1--137:10},
  Volume                   = {33},

  Acmid                    = {2601126},
  Address                  = {New York, NY, USA},
  Articleno                = {137},
  Doi                      = {10.1145/2601097.2601126},
  ISSN                     = {0730-0301},
  Issue_date               = {July 2014},
  Keywords                 = {fluid simulation, non-rigid registration, shape blending},
  Numpages                 = {10},
  Publisher                = {ACM},
  Url                      = {http://doi.acm.org/10.1145/2601097.2601126}
}

@InProceedings{Raveendran2011,
  Title                    = {Hybrid Smoothed Particle Hydrodynamics},
  Author                   = {Raveendran, Karthik and Wojtan, Chris and Turk, Greg},
  Booktitle                = {Proceedings of the 2011 ACM SIGGRAPH/Eurographics Symposium on Computer Animation},
  Year                     = {2011},
  Pages                    = {33--42},
  Publisher                = {ACM},
  Series                   = {SCA '11},

  Acmid                    = {2019411},
  Doi                      = {10.1145/2019406.2019411},
  ISBN                     = {978-1-4503-0923-3},
  Keywords                 = {adaptive, mixed models, fluid},
  Location                 = {Vancouver, British Columbia, Canada},
  Numpages                 = {10},
  Url                      = {http://doi.acm.org/10.1145/2019406.2019411}
}

@Article{Redon2005,
  Title                    = {Adaptive Dynamics of Articulated Bodies},
  Author                   = {Redon, Stephane and Galoppo, Nico and Lin, Ming C.},
  Journal                  = {ACM Trans. Graph.},
  Year                     = {2005},

  Month                    = jul,
  Number                   = {3},
  Pages                    = {936--945},
  Volume                   = {24},

  Acmid                    = {1073294},
  Doi                      = {10.1145/1073204.1073294},
  ISSN                     = {0730-0301},
  Issue_date               = {July 2005},
  Keywords                 = {articulated bodies, dynamics, kinematics, level-of-detail, simulation, adaptive, temporal adaptivity, rigids},
  Numpages                 = {10},
  Publisher                = {ACM},
  Url                      = {http://doi.acm.org/10.1145/1073204.1073294}
}

@Article{Redon2006,
  Title                    = {{An Efficient, Error-Bounded Approximation Algorithm for Simulating Quasi-Statics of Complex Linkages}},
  Author                   = {Redon, Stephane and Lin, Ming, C.},
  Journal                  = {Computer-Aided Design},
  Year                     = {2006},

  Affiliation              = {University of North Carolina at Chapel Hill},
  Audience                 = {internationale },
  File                     = {CAD2006.pdf:http\://hal.inria.fr/inria-00390322/PDF/CAD2006.pdf:PDF},
  Hal_id                   = {inria-00390322},
  Keywords                 = {adaptive, temporal adaptivity, rigids},
  Language                 = {Anglais},
  Publisher                = {Elsevier},
  Url                      = {http://hal.inria.fr/inria-00390322}
}

@InProceedings{Rivers:FastLSM:2007,
  Title                    = {FastLSM: fast lattice shape matching for robust real-time deformation},
  Author                   = {Rivers, Alec R. and James, Doug L.},
  Booktitle                = {ACM Transactions on Graphics (Proc. SIGGRAPH)},
  Year                     = {2007},
  Volume                   = {26}
}

@InProceedings{robinson2008two,
  Title                    = {Two-way coupling of fluids to rigid and deformable solids and shells},
  Author                   = {Robinson-Mosher, Avi and Shinar, Tamar and Gretarsson, Jon and Su, Jonathan and Fedkiw, Ronald},
  Booktitle                = {ACM Transactions on Graphics (TOG)},
  Year                     = {2008},
  Number                   = {3},
  Organization             = {ACM},
  Pages                    = {46},
  Volume                   = {27}
}

@InProceedings{Sato2014,
  Title                    = {Deformation of 2D Flow Fields Using Stream Functions},
  Author                   = {Sato, Syuhei and Dobashi, Yoshinori and Iwasaki, Kei and Yamamoto, Tsuyoshi and Nishita, Tomoyuki},
  Booktitle                = {SIGGRAPH Asia 2014 Technical Briefs},
  Year                     = {2014},

  Address                  = {New York, NY, USA},
  Pages                    = {4:1--4:4},
  Publisher                = {ACM},
  Series                   = {SA '14},

  Acmid                    = {2669039},
  Articleno                = {4},
  Doi                      = {10.1145/2669024.2669039},
  ISBN                     = {978-1-4503-2895-1},
  Keywords                 = {flow field deformation, fluid simulation, moving least squares, stream function},
  Location                 = {Shenzhen, China},
  Numpages                 = {4},
  Url                      = {http://doi.acm.org/10.1145/2669024.2669039}
}

@PhdThesis{Schmidl2002,
  Title                    = {Optimization-based animation},
  Author                   = {Schmidl, H.},
  School                   = {The University of Miami},
  Year                     = {2002},

  Keywords                 = {adaptive, temporal adaptivity, rigids}
}

@InProceedings{schmidt2010meshmixer,
  Title                    = {Meshmixer: an interface for rapid mesh composition},
  Author                   = {Schmidt, Ryan and Singh, Karan},
  Booktitle                = {ACM SIGGRAPH 2010 Talks},
  Year                     = {2010},
  Organization             = {ACM}
}

@InProceedings{Schpok2005,
  Title                    = {Modeling and Animating Gases with Simulation Features},
  Author                   = {Schpok, Joshua and Dwyer, William and Ebert, David S.},
  Booktitle                = {Proceedings of the 2005 ACM SIGGRAPH/Eurographics Symposium on Computer Animation},
  Year                     = {2005},

  Address                  = {New York, NY, USA},
  Pages                    = {97--105},
  Publisher                = {ACM},
  Series                   = {SCA '05},

  Acmid                    = {1073381},
  Doi                      = {10.1145/1073368.1073381},
  ISBN                     = {1-59593-198-8},
  Location                 = {Los Angeles, California},
  Numpages                 = {9},
  Url                      = {http://doi.acm.org/10.1145/1073368.1073381}
}

@Article{Schulz2014,
  Title                    = {Animating Deformable Objects Using Sparse Spacetime Constraints},
  Author                   = {Schulz, Christian and von Tycowicz, Christoph and Seidel, Hans-Peter and Hildebrandt, Klaus},
  Journal                  = {ACM Trans. Graph.},
  Year                     = {2014},

  Month                    = jul,
  Number                   = {4},
  Pages                    = {109:1--109:10},
  Volume                   = {33},

  Acmid                    = {2601156},
  Address                  = {New York, NY, USA},
  Articleno                = {109},
  Doi                      = {10.1145/2601097.2601156},
  ISSN                     = {0730-0301},
  Issue_date               = {July 2014},
  Keywords                 = {model reduction, optimal control, physically-based animation, spacetime constraints, wiggly splines},
  Numpages                 = {10},
  Publisher                = {ACM},
  Url                      = {http://doi.acm.org/10.1145/2601097.2601156}
}

@Article{Seiler2011,
  Title                    = {Robust Interactive Cutting Based on an Adaptive Octree Simulation Mesh},
  Author                   = {Seiler, Martin and Steinemann, Denis and Spillmann, Jonas and Harders, Matthias},
  Journal                  = {Vis. Comput.},
  Year                     = {2011},

  Month                    = jun,
  Number                   = {6-8},
  Pages                    = {519--529},
  Volume                   = {27},

  Acmid                    = {1989118},
  Doi                      = {10.1007/s00371-011-0561-3},
  ISSN                     = {0178-2789},
  Issue_date               = {June 2011},
  Keywords                 = {Adaptive simulation, Cutting, Octree, adaptive, element refinement, solid},
  Numpages                 = {11},
  Publisher                = {Springer-Verlag New York, Inc.},
  Url                      = {http://dx.doi.org/10.1007/s00371-011-0561-3}
}

@Article{Selle2005,
  Title                    = {A Vortex Particle Method for Smoke, Water and Explosions},
  Author                   = {Selle, Andrew and Rasmussen, Nick and Fedkiw, Ronald},
  Journal                  = {ACM Trans. Graph.},
  Year                     = {2005},

  Month                    = jul,
  Number                   = {3},
  Pages                    = {910--914},
  Volume                   = {24},

  Acmid                    = {1073282},
  Doi                      = {10.1145/1073204.1073282},
  ISSN                     = {0730-0301},
  Issue_date               = {July 2005},
  Keywords                 = {explosions, fluids, smoke, vortex methods, water, adaptive, mixed models, fluid},
  Numpages                 = {5},
  Publisher                = {ACM},
  Url                      = {http://doi.acm.org/10.1145/1073204.1073282}
}

@Article{Serra1986,
    title={Introduction to mathematical morphology},
    author={Serra, Jean},
    journal={Computer vision, graphics, and image processing},
    volume={35},
    number={3},
    pages={283--305},
    year={1986},
    publisher={Academic Press}
}

@Article{Servin2011,
  Title                    = {Hybrid, Multiresolution Wires with Massless Frictional Contacts},
  Author                   = {Servin, M. and Lacoursi\`ere, C. and Nordfelth, F. and Bodin, K.},
  Journal                  = {Visualization and Computer Graphics, IEEE Transactions on},
  Year                     = {2011},

  Month                    = {July},
  Number                   = {7},
  Pages                    = {970-982},
  Volume                   = {17},

  Doi                      = {10.1109/TVCG.2010.122},
  ISSN                     = {1077-2626},
  Keywords                 = {adaptive, mixed models, rods}
}

@Article{Servin2008,
  Title                    = {{Adaptive resolution in physics based virtual environments}},
  Author                   = {Servin, M and Lacoursiere, C and Nordfelth, F},
  Journal                  = {SIGRAD 2008},
  Year                     = {2008},

  Keywords                 = {adaptive, element refinement, rods}
}

@InProceedings{Shah2004,
  Title                    = {Extended Galilean Invariance for Adaptive Fluid Simulation},
  Author                   = {Shah, Maurya and Cohen, Jonathan M. and Patel, Sanjit and Lee, Penne and Pighin, Fr{\'e}d{\'e}ric},
  Booktitle                = {Proceedings of the 2004 ACM SIGGRAPH/Eurographics Symposium on Computer Animation},
  Year                     = {2004},
  Pages                    = {213--221},
  Publisher                = {Eurographics Association},
  Series                   = {SCA '04},

  Acmid                    = {1028551},
  Doi                      = {10.1145/1028523.1028551},
  ISBN                     = {3-905673-14-2},
  Keywords                 = {adaptive, moving mesh, fluid},
  Location                 = {Grenoble, France},
  Numpages                 = {9},
  Url                      = {http://dx.doi.org/10.1145/1028523.1028551}
}

@Article{Shewchuk2002,
  Title                    = {What is a good linear finite element? interpolation, conditioning, anisotropy, and quality measures (preprint)},
  Author                   = {Shewchuk, J},
  Journal                  = {University of California at Berkeley},
  Year                     = {2002},
  Volume                   = {73}
}

@InProceedings{Shi2005a,
  Title                    = {Taming Liquids for Rapidly Changing Targets},
  Author                   = {Shi, Lin and Yu, Yizhou},
  Booktitle                = {Proceedings of the 2005 ACM SIGGRAPH/Eurographics Symposium on Computer Animation},
  Year                     = {2005},

  Address                  = {New York, NY, USA},
  Pages                    = {229--236},
  Publisher                = {ACM},
  Series                   = {SCA '05},

  Acmid                    = {1073401},
  Doi                      = {10.1145/1073368.1073401},
  ISBN                     = {1-59593-198-8},
  Location                 = {Los Angeles, California},
  Numpages                 = {8},
  Url                      = {http://doi.acm.org/10.1145/1073368.1073401}
}

@Article{Shi2005b,
  Title                    = {Controllable Smoke Animation with Guiding Objects},
  Author                   = {Shi, Lin and Yu, Yizhou},
  Journal                  = {ACM Trans. Graph.},
  Year                     = {2005},

  Month                    = jan,
  Number                   = {1},
  Pages                    = {140--164},
  Volume                   = {24},

  Acmid                    = {1037965},
  Address                  = {New York, NY, USA},
  Doi                      = {10.1145/1037957.1037965},
  ISSN                     = {0730-0301},
  Issue_date               = {January 2005},
  Keywords                 = {Constrained animation, fluid simulation, implicit functions, level sets, shape matching, shape transformations, velocity constraints},
  Numpages                 = {25},
  Publisher                = {ACM},
  Url                      = {http://doi.acm.org/10.1145/1037957.1037965}
}

@InProceedings{Shi2004,
  Title                    = {Visual smoke simulation with adaptive octree refinement},
  Author                   = {Shi, Lin and Yu, Yizhou},
  Booktitle                = {Proceedings of the Seventh IASTED International Conference on Computer Graphics and Imaging},
  Year                     = {2004},
  Pages                    = {13--19},

  Keywords                 = {adaptive, element refinement, fluid}
}

@InProceedings{shinar2008two,
  Title                    = {Two-way coupling of rigid and deformable bodies},
  Author                   = {Shinar, Tamar and Schroeder, Craig and Fedkiw, Ronald},
  Booktitle                = {Proceedings of the 2008 ACM SIGGRAPH/Eurographics Symposium on Computer Animation},
  Year                     = {2008},
  Organization             = {Eurographics Association},
  Pages                    = {95--103}
}

@InProceedings{Sifakis2007:Cutting,
  Title                    = {Arbitrary Cutting of Deformable Tetrahedralized Objects},
  Author                   = {Sifakis, Eftychios and Der, Kevin G. and Fedkiw, Ronald},
  Booktitle                = {Proceedings of the 2007 ACM SIGGRAPH/Eurographics Symposium on Computer Animation},
  Year                     = {2007},

  Address                  = {Aire-la-Ville, Switzerland, Switzerland},
  Pages                    = {73--80},
  Publisher                = {Eurographics Association},
  Series                   = {SCA '07},

  Acmid                    = {1272701},
  ISBN                     = {978-1-59593-624-0},
  Location                 = {San Diego, California},
  Numpages                 = {8},
  Url                      = {http://dl.acm.org/citation.cfm?id=1272690.1272701}
}

@InProceedings{Sifakis2007:Hybrid,
  Title                    = {Hybrid Simulation of Deformable Solids},
  Author                   = {Sifakis, Eftychios and Shinar, Tamar and Irving, Geoffrey and Fedkiw, Ronald},
  Booktitle                = {Proceedings of the 2007 ACM SIGGRAPH/Eurographics Symposium on Computer Animation},
  Year                     = {2007},
  Pages                    = {81--90},
  Publisher                = {Eurographics Association},
  Series                   = {SCA '07},

  Acmid                    = {1272702},
  ISBN                     = {978-1-59593-624-0},
  Keywords                 = {adaptive, mixed models, solid},
  Location                 = {San Diego, California},
  Numpages                 = {10},
  Url                      = {http://dl.acm.org/citation.cfm?id=1272690.1272702}
}

@InProceedings{Simnett2009,
  Title                    = {An Edge-based Approach to Adaptively Refining a Mesh for Cloth Deformation},
  Author                   = {Timothy J. R. Simnett and Stephen D. Laycock and Andy M. Day},
  Booktitle                = {TPCG},
  Year                     = {2009},
  Pages                    = {77-84},

  Keywords                 = {adaptive, element refinement, cloth}
}

@article{Solenthaler2007,
  author = {Solenthaler, Barbara and Schl\"{a}fli, J\"{u}rg and Pajarola, Renato},
  title = {A Unified Particle Model for Fluid\&Ndash;Solid Interactions: Research Articles},
  journal = {Comput. Animat. Virtual Worlds},
  issue_date = {February 2007},
  volume = {18},
  number = {1},
  month = feb,
  year = {2007},
  issn = {1546-4261},
  pages = {69--82},
  numpages = {14},
  url = {http://dx.doi.org/10.1002/cav.v18:1},
  doi = {10.1002/cav.v18:1},
  acmid = {1229035},
  publisher = {John Wiley and Sons Ltd.},
  address = {Chichester, UK},
  keywords = {fluids, melting, physically based simulation, smoothed particle hydrodynamics, solidification, solids}
} 

@Article{Solenthaler2011,
  Title                    = {Two-scale Particle Simulation},
  Author                   = {Solenthaler, Barbara and Gross, Markus},
  Journal                  = {ACM Trans. Graph.},
  Year                     = {2011},

  Month                    = jul,
  Number                   = {4},
  Pages                    = {81:1--81:8},
  Volume                   = {30},

  Acmid                    = {1964976},
  Articleno                = {81},
  Doi                      = {10.1145/2010324.1964976},
  ISSN                     = {0730-0301},
  Issue_date               = {July 2011},
  Keywords                 = {SPH, fluid simulation, level of detail, two-scale, adaptive, element refinement, fluid},
  Numpages                 = {8},
  Publisher                = {ACM},
  Url                      = {http://doi.acm.org/10.1145/2010324.1964976}
}

@Article{Solenthaler2009,
  Title                    = {Predictive-corrective Incompressible SPH},
  Author                   = {Solenthaler, B. and Pajarola, R.},
  Journal                  = {ACM Trans. Graph.},
  Year                     = {2009},

  Month                    = jul,
  Number                   = {3},
  Pages                    = {40:1--40:6},
  Volume                   = {28},

  Acmid                    = {1531346},
  Address                  = {New York, NY, USA},
  Articleno                = {40},
  Doi                      = {10.1145/1531326.1531346},
  ISSN                     = {0730-0301},
  Issue_date               = {August 2009},
  Keywords                 = {SPH, fluid simulation, incompressibility},
  Numpages                 = {6},
  Publisher                = {ACM},
  Url                      = {http://doi.acm.org/10.1145/1531326.1531346}
}

@InProceedings{Sorkine2007,
  Title                    = {As-rigid-as-possible Surface Modeling},
  Author                   = {Sorkine, Olga and Alexa, Marc},
  Booktitle                = {Proceedings of the Fifth Eurographics Symposium on Geometry Processing},
  Year                     = {2007},

  Address                  = {Aire-la-Ville, Switzerland, Switzerland},
  Pages                    = {109--116},
  Publisher                = {Eurographics Association},
  Series                   = {SGP '07},

  Acmid                    = {1282006},
  ISBN                     = {978-3-905673-46-3},
  Location                 = {Barcelona, Spain},
  Numpages                 = {8},
  Url                      = {http://dl.acm.org/citation.cfm?id=1281991.1282006}
}

@Article{Spillmann2008,
  Title                    = {An Adaptive Contact Model for the Robust Simulation of Knots},
  Author                   = {Jonas Spillmann and Matthias Teschner},
  Journal                  = {Comput. Graph. Forum},
  Year                     = {2008},
  Number                   = {2},
  Pages                    = {497--506},
  Volume                   = {27},

  Bibsource                = {dblp computer science bibliography, http://dblp.org},
  Biburl                   = {http://dblp.uni-trier.de/rec/bib/journals/cgf/SpillmannT08},
  Doi                      = {10.1111/j.1467-8659.2008.01147.x},
  Keywords                 = {adaptive, element refinement, rods},
  Timestamp                = {Tue, 16 Sep 2014 12:49:23 +0200},
  Url                      = {http://dx.doi.org/10.1111/j.1467-8659.2008.01147.x}
}

@InProceedings{Stam1999,
  Title                    = {Stable Fluids},
  Author                   = {Stam, Jos},
  Booktitle                = {Proceedings of the 26th Annual Conference on Computer Graphics and Interactive Techniques},
  Year                     = {1999},

  Address                  = {New York, NY, USA},
  Pages                    = {121--128},
  Publisher                = {ACM Press/Addison-Wesley Publishing Co.},
  Series                   = {SIGGRAPH '99},

  Acmid                    = {311548},
  Doi                      = {10.1145/311535.311548},
  ISBN                     = {0-201-48560-5},
  Keywords                 = {Navier-Stokes, advected textures, animation of fluids, gaseous phenomena, implicit elliptic PDE solvers, interactive modeling, stable solvers},
  Numpages                 = {8},
  Url                      = {http://dx.doi.org/10.1145/311535.311548}
}

@InProceedings{stanculescu2011freestyle,
  Title                    = {Freestyle: Sculpting meshes with self-adaptive topology},
  Author                   = {Stanculescu, Lucian and Chaine, Rapha{\"e}lle and Cani, Marie-Paule},
  Booktitle                = {Computers \& Graphics},
  Year                     = {2011}
}

@Article{Steinemann2009,
  Title                    = {Splitting meshless deforming objects with explicit surface tracking },
  Author                   = {Denis Steinemann and Miguel A. Otaduy and Markus Gross},
  Journal                  = {Graphical Models },
  Year                     = {2009},
  Note                     = {2006 ACM SIGGRAPH/Eurographics Symposium on Computer Animation (SCA 2006) },
  Number                   = {6},
  Pages                    = {209 - 220},
  Volume                   = {71},

  Doi                      = {http://dx.doi.org/10.1016/j.gmod.2008.12.004},
  ISSN                     = {1524-0703},
  Url                      = {http://www.sciencedirect.com/science/article/pii/S1524070309000034}
}

@InProceedings{Steinemann:adaptiveshapematching:2008,
  Title                    = {Fast adaptive shape matching deformations},
  Author                   = {Steinemann, Denis and Otaduy, Miguel A. and Gross, Markus},
  Booktitle                = {Proc. ACM SIGGRAPH/Eurographics Symposium on Computer Animation},
  Year                     = {2008}
}

@Article{Stern2009,
  Title                    = {Implicit-Explicit Variational Integration of Highly Oscillatory Problems},
  Author                   = {Ari Stern and Eitan Grinspun},
  Journal                  = {Multiscale Model. Simul.},
  Year                     = {2009},
  Number                   = {4},
  Pages                    = {1779--1794},
  Volume                   = {7},

  Doi                      = {10.1137/080732936},
  Eprint                   = {0808.2239},
  Fjournal                 = {Multiscale Modeling \& Simulation. A SIAM Interdisciplinary Journal},
  Primaryclass             = {math.NA}
}

@Book{Strikwerda2004,
  Title                    = {Finite Difference Schemes and Partial Differential Equations, Second Edition},
  Author                   = {Strikwerda, J.},
  Publisher                = {Society for Industrial and Applied Mathematics},
  Year                     = {2004},

  Doi                      = {10.1137/1.9780898717938},
  Eprint                   = {http://epubs.siam.org/doi/pdf/10.1137/1.9780898717938},
  Url                      = {http://epubs.siam.org/doi/abs/10.1137/1.9780898717938}
}

@Article{Sueda2011,
  Title                    = {Large-scale Dynamic Simulation of Highly Constrained Strands},
  Author                   = {Sueda, Shinjiro and Jones, Garrett L. and Levin, David I. W. and Pai, Dinesh K.},
  Journal                  = {ACM Trans. Graph.},
  Year                     = {2011},

  Month                    = jul,
  Number                   = {4},
  Pages                    = {39:1--39:10},
  Volume                   = {30},

  Acmid                    = {1964934},
  Articleno                = {39},
  Doi                      = {10.1145/2010324.1964934},
  ISSN                     = {0730-0301},
  Issue_date               = {July 2011},
  Keywords                 = {constrained strands, elastic rods, lagrangian mechanics, physically-based simulation, thin solids, adaptive, mixed models, rods},
  Numpages                 = {10},
  Publisher                = {ACM},
  Url                      = {http://doi.acm.org/10.1145/2010324.1964934}
}

@article {Takahashi2003,
    author = {Takahashi, Tsunemi and Fujii, Hiroko and Kunimatsu, Atsushi and Hiwada, Kazuhiro and Saito, Takahiro and Tanaka, Ken and Ueki, Heihachi},
    title = {Realistic Animation of Fluid with Splash and Foam},
    journal = {Computer Graphics Forum},
    volume = {22},
    number = {3},
    publisher = {Blackwell Publishing, Inc},
    issn = {1467-8659},
    url = {http://dx.doi.org/10.1111/1467-8659.00686},
    doi = {10.1111/1467-8659.00686},
    pages = {391--400},
    keywords = {Animation, Computational, Fluid Dynamics, Natural Phenomena, Physically-Based Modeling, Rendering},
    year = {2003}
}

@article {Takahashi2015,
    author = {Takahashi, Tetsuya and Dobashi, Yoshinori and Fujishiro, Issei and Nishita, Tomoyuki and Lin, Ming C.},
    title = {Implicit Formulation for SPH-based Viscous Fluids},
    journal = {Computer Graphics Forum},
    volume = {34},
    number = {2},
    issn = {1467-8659},
    url = {http://dx.doi.org/10.1111/cgf.12578},
    doi = {10.1111/cgf.12578},
    pages = {493--502},
    keywords = {Categories and Subject Descriptors (according to ACM CCS), I.3.7 [Computer Graphics]: Three-Dimensional Graphics and Realism—Animation},
    year = {2015}
}

@Article{Takayama2011,
  Title                    = {GeoBrush: Interactive Mesh Geometry Cloning},
  Author                   = {Kenshi Takayama and Ryan Schmidt and Karan Singh and Takeo Igarashi and Tamy Boubekeur and Olga Sorkine},
  Journal                  = {Computer Graphics Forum (proceedings of EUROGRAPHICS)},
  Year                     = {2011},
  Number                   = {2},
  Pages                    = {613--622},
  Volume                   = {30}
}

@Article{Teng2015,
  Title                    = {Subspace Condensation: Full Space Adaptivity for Subspace Deformations},
  Author                   = {Teng, Yun and Meyer, Mark and DeRose, Tony and Kim, Theodore},
  Journal                  = {ACM Trans. Graph.},
  Year                     = {2015},

  Month                    = jul,
  Number                   = {4},
  Pages                    = {76:1--76:9},
  Volume                   = {34},

  Acmid                    = {2766904},
  Address                  = {New York, NY, USA},
  Articleno                = {76},
  Doi                      = {10.1145/2766904},
  ISSN                     = {0730-0301},
  Issue_date               = {August 2015},
  Keywords                 = {character simulation, collision resolution, cubature, static condensation, subspace integration},
  Numpages                 = {9},
  Publisher                = {ACM},
  Url                      = {http://doi.acm.org/10.1145/2766904}
}

@Article{Teran2005,
  Title                    = {Creating and Simulating Skeletal Muscle from the Visible Human Data Set},
  Author                   = {Teran, Joseph and Sifakis, Eftychios and Blemker, Silvia S. and Ng-Thow-Hing, Victor and Lau, Cynthia and Fedkiw, Ronald},
  Journal                  = {IEEE Transactions on Visualization and Computer Graphics},
  Year                     = {2005},

  Month                    = may,
  Number                   = {3},
  Pages                    = {317--328},
  Volume                   = {11},

  Acmid                    = {1053688},
  Address                  = {Piscataway, NJ, USA},
  Doi                      = {10.1109/TVCG.2005.42},
  ISSN                     = {1077-2626},
  Issue_date               = {May 2005},
  Keywords                 = {Index Terms- Finite volume methods, Index Terms- Finite volume methods, constructive solid geometry, physically-based modeling., constructive solid geometry, physically-based modeling.},
  Numpages                 = {12},
  Publisher                = {IEEE Educational Activities Department},
  Url                      = {http://dx.doi.org/10.1109/TVCG.2005.42}
}

@Article{Terzopoulos1987,
  Title                    = {Elastically Deformable Models},
  Author                   = {Terzopoulos, Demetri and Platt, John and Barr, Alan and Fleischer, Kurt},
  Journal                  = {SIGGRAPH Comput. Graph.},
  Year                     = {1987},

  Month                    = aug,
  Number                   = {4},
  Pages                    = {205--214},
  Volume                   = {21},

  Acmid                    = {37427},
  Doi                      = {10.1145/37402.37427},
  ISSN                     = {0097-8930},
  Issue_date               = {July 1987},
  Numpages                 = {10},
  Publisher                = {ACM},
  Url                      = {http://doi.acm.org/10.1145/37402.37427}
}

@InProceedings{Tessendorf2004,
  Title                    = {Simulating Ocean Surface},
  Author                   = {Jerry Tessendorf},
  Booktitle                = {Siggraph course notes},
  Year                     = {2004},
  Publisher                = {ACM}
}

@Article{tessendorf2004interactive,
  Title                    = {Interactive water surfaces},
  Author                   = {Tessendorf, Jerry},
  Journal                  = {Game Programming Gems},
  Year                     = {2004},
  Pages                    = {265--274},
  Volume                   = {4}
}

@InProceedings{Thurey2006:FluidControl,
  Title                    = {Detail-preserving Fluid Control},
  Author                   = {Th\"{u}rey, N. and Keiser, R. and Pauly, M. and R\"{u}de, U.},
  Booktitle                = {Proceedings of the 2006 ACM SIGGRAPH/Eurographics Symposium on Computer Animation},
  Year                     = {2006},

  Address                  = {Aire-la-Ville, Switzerland, Switzerland},
  Pages                    = {7--12},
  Publisher                = {Eurographics Association},
  Series                   = {SCA '06},

  Acmid                    = {1218066},
  ISBN                     = {3-905673-34-7},
  Location                 = {Vienna, Austria},
  Numpages                 = {6},
  Url                      = {http://dl.acm.org/citation.cfm?id=1218064.1218066}
}

@InProceedings{Thurey2006:Coupling,
  Title                    = {Animation of Open Water Phenomena with Coupled Shallow Water and Free Surface Simulations},
  Author                   = {Th\"{u}rey, Nils and R\"{u}de, Ulrich and Stamminger, Marc},
  Booktitle                = {Proceedings of the 2006 ACM SIGGRAPH/Eurographics Symposium on Computer Animation},
  Year                     = {2006},
  Pages                    = {157--164},
  Publisher                = {Eurographics Association},
  Series                   = {SCA '06},

  Acmid                    = {1218086},
  ISBN                     = {3-905673-34-7},
  Keywords                 = {adaptive, mixed models, fluid},
  Location                 = {Vienna, Austria},
  Numpages                 = {8},
  Url                      = {http://dl.acm.org/citation.cfm?id=1218064.1218086}
}

@Article{Thurey2010,
  Title                    = {A Multiscale Approach to Mesh-based Surface Tension Flows},
  Author                   = {Th\"{u}rey, Nils and Wojtan, Chris and Gross, Markus and Turk, Greg},
  Journal                  = {ACM Trans. Graph.},
  Year                     = {2010},

  Month                    = jul,
  Number                   = {4},
  Pages                    = {48:1--48:10},
  Volume                   = {29},

  Acmid                    = {1778785},
  Articleno                = {48},
  Doi                      = {10.1145/1778765.1778785},
  ISSN                     = {0730-0301},
  Issue_date               = {July 2010},
  Keywords                 = {fluid simulation, physically based animation, surface tension, adaptive, mixed models, fluid},
  Numpages                 = {10},
  Publisher                = {ACM},
  Url                      = {http://doi.acm.org/10.1145/1778765.1778785}
}

@Article{Thomaszewski2008,
  Title                    = {Asynchronous cloth simulation},
  Author                   = {Thomaszewski, Bernhard and Pabst, Simon and Stra{\ss}er, Wolfgang},
  Journal                  = {Computer Graphics International},
  Year                     = {2008},

  Keywords                 = {adaptive, temporal adaptivity, cloth}
}

@InProceedings{Tournier2014,
  Title                    = {{Seamless Adaptivity of Elastic Models}},
  Author                   = {Tournier, Maxime and Nesme, Matthieu and Faure, Fran{\c c}ois and Gilles, Benjamin},
  Booktitle                = {{Graphics Interface}},
  Year                     = {2014},
  Editor                   = {Paul G. Kry and Andrea Bunt },
  Month                    = {May},
  Pages                    = {17-24},
  Publisher                = {Canadian Information Processing Society Toronto},

  Affiliation              = {DEMAR - INRIA Sophia Antipolis , Laboratoire d'Informatique de Robotique et de Micro{\'e}lectronique de Montpellier - LIRMM , IMAGINE - Inria Grenoble Rh{\^o}ne-Alpes / LJK Laboratoire Jean Kuntzmann},
  Audience                 = {international },
  Hal_id                   = {hal-00975220},
  Keywords                 = {adaptive, element refinement, solid},
  Language                 = {English},
  Url                      = {http://hal.inria.fr/hal-00975220}
}

@Article{Treuille2003,
  Title                    = {Keyframe Control of Smoke Simulations},
  Author                   = {Treuille, Adrien and McNamara, Antoine and Popovi\'{c}, Zoran and Stam, Jos},
  Journal                  = {ACM Trans. Graph.},
  Year                     = {2003},

  Month                    = jul,
  Number                   = {3},
  Pages                    = {716--723},
  Volume                   = {22},

  Acmid                    = {882337},
  Address                  = {New York, NY, USA},
  Doi                      = {10.1145/882262.882337},
  ISSN                     = {0730-0301},
  Issue_date               = {July 2003},
  Keywords                 = {fluid simulation, inverse control, optimization},
  Numpages                 = {8},
  Publisher                = {ACM},
  Url                      = {http://doi.acm.org/10.1145/882262.882337}
}

@Article{Twigg2007,
  Title                    = {Many-worlds Browsing for Control of Multibody Dynamics},
  Author                   = {Twigg, Christopher D. and James, Doug L.},
  Journal                  = {ACM Trans. Graph.},
  Year                     = {2007},

  Month                    = jul,
  Number                   = {3},
  Volume                   = {26},

  Acmid                    = {1276395},
  Address                  = {New York, NY, USA},
  Articleno                = {14},
  Doi                      = {10.1145/1276377.1276395},
  ISSN                     = {0730-0301},
  Issue_date               = {July 2007},
  Keywords                 = {browsing, control, data-driven animation, interactive animation, rigid body dynamics},
  Publisher                = {ACM},
  Url                      = {http://doi.acm.org/10.1145/1276377.1276395}
}

@Article{Villard2005,
  Title                    = {Adaptive Meshing for Cloth Animation},
  Author                   = {Villard, J. and Borouchaki, H.},
  Journal                  = {Eng. with Comput.},
  Year                     = {2005},

  Month                    = aug,
  Number                   = {4},
  Pages                    = {333--341},
  Volume                   = {20},

  Acmid                    = {1081076},
  Doi                      = {10.1007/s00366-005-0302-1},
  ISSN                     = {0177-0667},
  Issue_date               = {August 2005},
  Keywords                 = {3D design, Adaptive meshing, Cloth animation, Multi-grid methods, adaptive, element refinement, cloth},
  Numpages                 = {9},
  Publisher                = {Springer-Verlag},
  Url                      = {http://dx.doi.org/10.1007/s00366-005-0302-1}
}

@Article{Wang2013,
  Title                    = {Hybrid Particle-grid Fluid Animation with Enhanced Details},
  Author                   = {Wang, Chang-Bo and Zhang, Qiang and Kong, Fan-Long and Qin, Hong},
  Journal                  = {Vis. Comput.},
  Year                     = {2013},

  Month                    = sep,
  Number                   = {9},
  Pages                    = {937--947},
  Volume                   = {29},

  Acmid                    = {2509117},
  Doi                      = {10.1007/s00371-013-0849-6},
  ISSN                     = {0178-2789},
  Issue_date               = {September 2013},
  Keywords                 = {Enhanced details, Fluid animation, Hybrid particle---grid simulation, Two-way interaction, adaptive, mixed models, fluid},
  Numpages                 = {11},
  Publisher                = {Springer-Verlag New York, Inc.},
  Url                      = {http://dx.doi.org/10.1007/s00371-013-0849-6}
}

@Article{Wang2015,
  Title                    = {Linear Subspace Design for Real-Time Shape Deformation},
  Author                   = {Wang, Yu and Jacobson, Alec and Barbic, Jernej and Kavan, Ladislav},
  Journal                  = {ACM Trans. Graph.},
  Year                     = {2015},
  Number                   = {4},
  Volume                   = {34},

  Issue_date               = {July 2015}
}

@InProceedings{Wang2014,
  Title                    = {{An Adaptive Virtual Node Algorithm with Robust Mesh Cutting}},
  Author                   = {Wang, Yuting and Jiang, Chenfanfu and Schroeder, Craig and Teran, Joseph},
  Booktitle                = {Eurographics/ ACM SIGGRAPH Symposium on Computer Animation},
  Year                     = {2014},
  Editor                   = {Vladlen Koltun and Eftychios Sifakis},
  Publisher                = {The Eurographics Association},

  Doi                      = {10.2312/sca.20141125},
  ISBN                     = {978-3-905674-61-3},
  ISSN                     = {1727-5288}
}

@Article{WeiBmann2014,
  Title                    = {Smoke Rings from Smoke},
  Author                   = {Weissmann, Steffen and Pinkall, Ulrich and Schr\"{o}der, Peter},
  Journal                  = {ACM Trans. Graph.},
  Year                     = {2014},

  Month                    = jul,
  Number                   = {4},
  Pages                    = {140:1--140:8},
  Volume                   = {33},

  Acmid                    = {2601171},
  Address                  = {New York, NY, USA},
  Articleno                = {140},
  Doi                      = {10.1145/2601097.2601171},
  ISSN                     = {0730-0301},
  Issue_date               = {July 2014},
  Keywords                 = {DEC, Schr\"{o}dinger operator, fluid simulation, hairpin removal, hybrid methods, vortex filaments, vortex reconnection},
  Numpages                 = {8},
  Publisher                = {ACM},
  Url                      = {http://doi.acm.org/10.1145/2601097.2601171}
}

@Article{Wicke2010,
  Title                    = {Dynamic Local Remeshing for Elastoplastic Simulation},
  Author                   = {Wicke, Martin and Ritchie, Daniel and Klingner, Bryan M. and Burke, Sebastian and Shewchuk, Jonathan R. and O'Brien, James F.},
  Journal                  = {ACM Trans. Graph.},
  Year                     = {2010},

  Month                    = jul,
  Number                   = {4},
  Pages                    = {49:1--49:11},
  Volume                   = {29},

  Acmid                    = {1778786},
  Articleno                = {49},
  Doi                      = {10.1145/1778765.1778786},
  ISSN                     = {0730-0301},
  Issue_date               = {July 2010},
  Keywords                 = {adaptive refinement, dynamic meshing, elastoplasticity, finite element simulation, fracture, local remeshing, plasticity, adaptive, element refinement, solid},
  Numpages                 = {11},
  Publisher                = {ACM},
  Url                      = {http://doi.acm.org/10.1145/1778765.1778786}
}

@InProceedings{Witkin2001,
  Title                    = {Physically Based Modeling},
  Author                   = {Witkin, Andrew and Baraff, David and Kass, Michael},
  Booktitle                = {Online SIGGRAPH Course Notes},
  Year                     = {2001},

  Url                      = {http://www.pixar.com/companyinfo/research/pbm2001/}
}

@InProceedings{Witkin1988,
  Title                    = {Spacetime Constraints},
  Author                   = {Witkin, Andrew and Kass, Michael},
  Booktitle                = {Proceedings of the 15th Annual Conference on Computer Graphics and Interactive Techniques},
  Year                     = {1988},

  Address                  = {New York, NY, USA},
  Pages                    = {159--168},
  Publisher                = {ACM},
  Series                   = {SIGGRAPH '88},

  Acmid                    = {378507},
  Doi                      = {10.1145/54852.378507},
  ISBN                     = {0-89791-275-6},
  Keywords                 = {animation, constraints},
  Numpages                 = {10},
  Url                      = {http://doi.acm.org/10.1145/54852.378507}
}

@InProceedings{wojtan2006keyframe,
  Title                    = {Keyframe control of complex particle systems using the adjoint method},
  Author                   = {Wojtan, Chris and Mucha, Peter J and Turk, Greg},
  Booktitle                = {Proceedings of the 2006 ACM SIGGRAPH/Eurographics symposium on Computer animation},
  Year                     = {2006},
  Organization             = {Eurographics Association},
  Pages                    = {15--23}
}

@Article{Wojtan2008,
  Title                    = {Fast Viscoelastic Behavior with Thin Features},
  Author                   = {Wojtan, Chris and Turk, Greg},
  Journal                  = {ACM Trans. Graph.},
  Year                     = {2008},

  Month                    = aug,
  Number                   = {3},
  Pages                    = {47:1--47:8},
  Volume                   = {27},

  Acmid                    = {1360646},
  Articleno                = {47},
  Doi                      = {10.1145/1360612.1360646},
  ISSN                     = {0730-0301},
  Issue_date               = {August 2008},
  Keywords                 = {computational fluid dynamics, deformable models, explicit surface, finite element method, free-form deformation, viscoelastic behavior},
  Numpages                 = {8},
  Publisher                = {ACM},
  Url                      = {http://doi.acm.org/10.1145/1360612.1360646}
}

@Article{Wu2013,
  Title                    = {Efficient Collision Detection for Composite Finite Element Simulation of Cuts in Deformable Bodies},
  Author                   = {Jun Wu and Christian Dick and R{\"{u}}diger Westermann},
  Journal                  = {The Visual Computer (Proc. CGI 2013)},
  Year                     = {2013},
  Number                   = {6-8},
  Pages                    = {739--749},
  Volume                   = {29},

  Keywords                 = {adaptive, element refinement, solid}
}

@InProceedings{Wu2011,
  Title                    = {Interactive High-Resolution Boundary Surfaces for Deformable Bodies with Changing Topology},
  Author                   = {Jun Wu and Christian Dick and R{\"{u}}diger Westermann},
  Booktitle                = {Proceedings of 8th Workshop on Virtual Reality Interaction and Physical Simulation (VRIPHYS) 2011},
  Year                     = {2011},
  Pages                    = {29--38}
}

@Article{Wu2015,
  Title                    = {A Survey of Physically Based Simulation of Cuts in Deformable Bodies},
  Author                   = {Wu, Jun and Westermann, Rüdiger and Dick, Christian},
  Journal                  = {Computer Graphics Forum},
  Year                     = {2015},

  Doi                      = {10.1111/cgf.12528},
  ISSN                     = {1467-8659},
  Keywords                 = {virtual cutting, deformable bodies, physically based modelling, finite elements, surgery simulation, I.3.5 [Computer Graphics]: Computational Geometry and Object Modelling-Physically based modelling, I.3.7 [Computer Graphics]: Three-Dimensional Graphics and Realism-Animation, I.3.8 [Computer Graphics]: Applications},
  Url                      = {http://dx.doi.org/10.1111/cgf.12528}
}

@Article{Wu2014,
  Title                    = {Real-Time Haptic Cutting of High Resolution Soft Tissues},
  Author                   = {Jun Wu and R{\"{u}}diger Westermann and Christian Dick},
  Journal                  = {Studies in Health Technology and Informatics (Proc. Medicine Meets Virtual Reality 2014)},
  Year                     = {2014},
  Note                     = {Published by IOS Press},
  Pages                    = {469--475},
  Volume                   = {196},

  Keywords                 = {adaptive, element refinement, solid}
}

@Article{Wu2001,
  Title                    = {Adaptive Nonlinear Finite Elements for Deformable Body Simulation Using Dynamic Progressive Meshes},
  Author                   = {Wu, Xunlei and Downes, Michael S. and Goktekin, Tolga and Tendick, Frank},
  Journal                  = {Computer Graphics Forum},
  Year                     = {2001},
  Number                   = {3},
  Pages                    = {349-358},
  Volume                   = {20},

  Keywords                 = {adaptive, element refinement, solid},
  Publisher                = {Blackwell Publishers Ltd}
}

@InProceedings{Wu:04:multigrid,
  Title                    = {Multigrid Integration for Interactive Deformable Body Simulation},
  Author                   = {Xunlei Wu and Frank Tendick},
  Booktitle                = {ACM International Symposium on Medical Simulation},
  Year                     = {2004}
}

@Article{Yan2009,
  Title                    = {Real-time Fluid Simulation with Adaptive SPH},
  Author                   = {Yan, He and Wang, Zhangye and He, Jian and Chen, Xi and Wang, Changbo and Peng, Qunsheng},
  Journal                  = {Comput. Animat. Virtual Worlds},
  Year                     = {2009},

  Month                    = jun,
  Number                   = {2-3},
  Pages                    = {417--426},
  Volume                   = {20},

  Acmid                    = {1568695},
  Doi                      = {10.1002/cav.v20:2/3},
  ISSN                     = {1546-4261},
  Issue_date               = {June 2009},
  Keywords                 = {GPU, adaptive SPH, adaptive surface tension model, physically based fluid simulation, adaptive, element refinement, fluid},
  Numpages                 = {10},
  Publisher                = {John Wiley and Sons Ltd.},
  Url                      = {http://dx.doi.org/10.1002/cav.v20:2/3}
}

@Article{Yang2013,
  Title                    = {Technical Section: A Unified Smoke Control Method Based on Signed Distance Field},
  Author                   = {Yang, Ben and Liu, Youquan and You, Lihua and Jin, Xiaogang},
  Journal                  = {Comput. Graph.},
  Year                     = {2013},

  Month                    = nov,
  Number                   = {7},
  Pages                    = {775--786},
  Volume                   = {37},

  Acmid                    = {2533422},
  Address                  = {Elmsford, NY, USA},
  Doi                      = {10.1016/j.cag.2013.05.001},
  ISSN                     = {0097-8493},
  Issue_date               = {November, 2013},
  Keywords                 = {Control algorithm, Mixed control, Path control, Shape control, Smoke animation},
  Numpages                 = {12},
  Publisher                = {Pergamon Press, Inc.},
  Url                      = {http://dx.doi.org/10.1016/j.cag.2013.05.001}
}

@Article{Yu2012,
  Title                    = {Explicit Mesh Surfaces for Particle Based Fluids},
  Author                   = {Yu, Jihun and Wojtan, Chris and Turk, Greg and Yap, Chee},
  Journal                  = {Computer Graphics Forum},
  Year                     = {2012},
  Number                   = {2pt4},
  Pages                    = {815--824},
  Volume                   = {31},

  Doi                      = {10.1111/j.1467-8659.2012.03062.x},
  ISSN                     = {1467-8659},
  Keywords                 = {I.3.5 [Computer Graphics]: Computational Geometry and Object Modeling---Physically based modeling, I.3.7 [Computer Graphics]: Three-Dimensional Graphics and Realism---Animation},
  Publisher                = {Blackwell Publishing Ltd},
  Url                      = {http://dx.doi.org/10.1111/j.1467-8659.2012.03062.x}
}

@Article{Yuan2011,
  Title                    = {Pattern-guided Smoke Animation with Lagrangian Coherent Structure},
  Author                   = {Yuan, Zhi and Chen, Fan and Zhao, Ye},
  Journal                  = {ACM Trans. Graph.},
  Year                     = {2011},

  Month                    = dec,
  Number                   = {6},
  Pages                    = {136:1--136:8},
  Volume                   = {30},

  Acmid                    = {2024170},
  Address                  = {New York, NY, USA},
  Articleno                = {136},
  Doi                      = {10.1145/2070781.2024170},
  ISSN                     = {0730-0301},
  Issue_date               = {December 2011},
  Keywords                 = {Lagrangian coherent structure, finite time Lyapunov exponent, flow pattern, fluid simulation, smoke animation design},
  Numpages                 = {8},
  Publisher                = {ACM},
  Url                      = {http://doi.acm.org/10.1145/2070781.2024170}
}

@InProceedings{Zhang2008,
  Title                    = {Adaptive Sampling and Rendering of Fluids on the GPU},
  Author                   = {Zhang, Yanci and Solenthaler, Barbara and Pajarola, Renato},
  Booktitle                = {Proceedings of the Fifth Eurographics / IEEE VGTC Conference on Point-Based Graphics},
  Year                     = {2008},
  Pages                    = {137--146},
  Publisher                = {Eurographics Association},
  Series                   = {SPBG'08},

  Acmid                    = {2386433},
  Doi                      = {10.2312/VG/VG-PBG08/137-146},
  ISBN                     = {978-3-905674-12-5},
  Keywords                 = {adaptive, element refinement, fluid},
  Location                 = {Los Angeles, CA},
  Numpages                 = {10},
  Url                      = {http://dx.doi.org/10.2312/VG/VG-PBG08/137-146}
}

@InProceedings{Zhao2010,
  Title                    = {Enhancing Fluid Animation with Adaptive, Controllable and Intermittent Turbulence},
  Author                   = {Zhao, Ye and Yuan, Zhi and Chen, Fan},
  Booktitle                = {Proceedings of the 2010 ACM SIGGRAPH/Eurographics Symposium on Computer Animation},
  Year                     = {2010},

  Address                  = {Aire-la-Ville, Switzerland, Switzerland},
  Pages                    = {75--84},
  Publisher                = {Eurographics Association},
  Series                   = {SCA '10},

  Acmid                    = {1921439},
  Keywords                 = {Kolmogorov, animation control, fluid simulation, intermittency, random forcing, turbulence},
  Location                 = {Madrid, Spain},
  Numpages                 = {10},
  Url                      = {http://dl.acm.org/citation.cfm?id=1921427.1921439}
}

@Article{Zhu2011,
  Title                    = {Sketch-based Dynamic Illustration of Fluid Systems},
  Author                   = {Zhu, Bo and Iwata, Michiaki and Haraguchi, Ryo and Ashihara, Takashi and Umetani, Nobuyuki and Igarashi, Takeo and Nakazawa, Kazuo},
  Journal                  = {ACM Trans. Graph.},
  Year                     = {2011},

  Month                    = dec,
  Number                   = {6},
  Pages                    = {134:1--134:8},
  Volume                   = {30},

  Acmid                    = {2024168},
  Address                  = {New York, NY, USA},
  Articleno                = {134},
  Doi                      = {10.1145/2070781.2024168},
  ISSN                     = {0730-0301},
  Issue_date               = {December 2011},
  Keywords                 = {dynamic illustration, real-time fluid simulation, sketch interface},
  Numpages                 = {8},
  Publisher                = {ACM},
  Url                      = {http://doi.acm.org/10.1145/2070781.2024168}
}

@Article{Zhu2013,
  Title                    = {A New Grid Structure for Domain Extension},
  Author                   = {Zhu, Bo and Lu, Wenlong and Cong, Matthew and Kim, Byungmoon and Fedkiw, Ronald},
  Journal                  = {ACM Trans. Graph.},
  Year                     = {2013},

  Month                    = jul,
  Number                   = {4},
  Pages                    = {63:1--63:12},
  Volume                   = {32},

  Acmid                    = {2461999},
  Articleno                = {63},
  Doi                      = {10.1145/2461912.2461999},
  ISSN                     = {0730-0301},
  Issue_date               = {July 2013},
  Keywords                 = {boundary conditions, fluid simulation, grids, adaptive, moving mesh, fluid},
  Numpages                 = {12},
  Publisher                = {ACM},
  Url                      = {http://doi.acm.org/10.1145/2461912.2461999}
}

@Article{Zhu2014,
  Title                    = {Codimensional Surface Tension Flow on Simplicial Complexes},
  Author                   = {Zhu, Bo and Quigley, Ed and Cong, Matthew and Solomon, Justin and Fedkiw, Ronald},
  Journal                  = {ACM Trans. Graph.},
  Year                     = {2014},

  Month                    = jul,
  Number                   = {4},
  Pages                    = {111:1--111:11},
  Volume                   = {33},

  Acmid                    = {2601201},
  Articleno                = {111},
  Doi                      = {10.1145/2601097.2601201},
  ISSN                     = {0730-0301},
  Issue_date               = {July 2014},
  Keywords                 = {codimension, incompressible, surface tension, adaptivity, element refinement, fluid},
  Numpages                 = {11},
  Publisher                = {ACM},
  Url                      = {http://doi.acm.org/10.1145/2601097.2601201}
}

@Article{Zhu2005,
  Title                    = {Animating Sand As a Fluid},
  Author                   = {Zhu, Yongning and Bridson, Robert},
  Journal                  = {ACM Trans. Graph.},
  Year                     = {2005},

  Month                    = jul,
  Number                   = {3},
  Pages                    = {965--972},
  Volume                   = {24},

  Acmid                    = {1073298},
  Doi                      = {10.1145/1073204.1073298},
  ISSN                     = {0730-0301},
  Issue_date               = {July 2005},
  Keywords                 = {animation, physical simulation, sand, water},
  Numpages                 = {8},
  Publisher                = {ACM},
  Url                      = {http://doi.acm.org/10.1145/1073204.1073298}
} 
