@inproceedings{Goswami2011, 
Author = {Goswami, Prashant and Pajarola, Renato}, 
Booktitle = {Proceedings Eurographics Workshop on Virtual Reality Interaction and Physical Simulation}, 
Title = {Time Adaptive Approximate {SPH}}, 
Year = {2011}} 

@inproceedings{Solenthaler2009,
 author = {Solenthaler, B. and Pajarola, R.},
 title = {Predictive-corrective incompressible SPH},
 booktitle = {ACM SIGGRAPH 2009 papers},
 series = {SIGGRAPH '09},
 year = {2009},
 isbn = {978-1-60558-726-4},
 location = {New Orleans, Louisiana},
 pages = {40:1--40:6},
 articleno = {40},
 numpages = {6},
 url = {http://doi.acm.org/10.1145/1576246.1531346},
 doi = {10.1145/1576246.1531346},
 acmid = {1531346},
 publisher = {ACM},
 address = {New York, NY, USA},
 keywords = {SPH, fluid simulation, incompressibility},
} 

@inproceedings{BenDeu12,
author = {Jan Bender and Crispin Deul},
title = {Efficient cloth simulation using an adaptive finite element method},
year = {2012},
editor = {Jan Bender and Arjan Kuijper and Dieter Fellner and Éric Guérin},
booktitle = {Virtual Reality Interactions and Physical Simulations (VRIPhys)}
}

@article{implicitSPH,
author = {Markus Ihmsen and Jens Cornelis and Barbara Solenthaler and Christopher Horvath and Matthias Teschner},
title = {Implicit Incompressible SPH},
journal ={IEEE Transactions on Visualization and Computer Graphics},
volume = {99},
number = {PrePrints},
issn = {1077-2626},
year = {2013},
pages = {1},
publisher = {IEEE Computer Society},
address = {Los Alamitos, CA, USA},
}

@ARTICLE{Adams:2007:ASP,
  author = {Adams, Bart and Pauly, Mark and Keiser, Richard and Guibas, Leonidas
	J.},
  title = {Adaptively sampled particle fluids},
  journal = {ACM Trans. Graph.},
  year = {2007},
  volume = {26},
  number = {3},
  month = jul,
  acmid = {1276437},
  address = {New York, NY, USA},
  articleno = {48},
  doi = {10.1145/1276377.1276437},
  issn = {0730-0301},
  issue_date = {July 2007},
  publisher = {ACM},
  url = {http://doi.acm.org/10.1145/1276377.1276437}
}

@ARTICLE{AKJ08,
  author = {Steven S. An and Theodore Kim and Doug L. James},
  title = {Optimizing cubature for efficient integration of subspace deformations},
  journal = {ACM Trans. Graph.},
  year = {2008},
  volume = {27},
  pages = {1--10},
  number = {5},
  address = {New York, NY, USA},
  doi = {http://doi.acm.org/10.1145/1409060.1409118},
  issn = {0730-0301},
  publisher = {ACM}
}

@ARTICLE{Artemova2012,
  author = {Artemova, Svetlana and Redon, Stephane},
  title = {Adaptively Restrained Particle Simulations},
  journal = {Phys. Rev. Lett.},
  year = {2012},
  volume = {109},
  pages = {190201},
  month = {Nov},
  doi = {10.1103/PhysRevLett.109.190201},
  issue = {19},
  numpages = {5},
  publisher = {American Physical Society},
  url = {http://link.aps.org/doi/10.1103/PhysRevLett.109.190201}
}

@INPROCEEDINGS{Baraff1998,
  author = {Baraff, David and Witkin, Andrew},
  title = {Large steps in cloth simulation},
  booktitle = {Proceedings of the 25th annual conference on Computer graphics and
	interactive techniques},
  year = {1998},
  series = {SIGGRAPH '98},
  pages = {43--54},
  address = {New York, NY, USA},
  publisher = {ACM},
  acmid = {280821},
  doi = {10.1145/280814.280821},
  isbn = {0-89791-999-8},
  keywords = {cloth, constraints, implicit integration, physically-based modeling,
	simulation},
  numpages = {12},
  url = {http://doi.acm.org/10.1145/280814.280821}
}

@ARTICLE{Barbic:2005:RTSI,
  author = {Jernej Barbi\v{c} and Doug L. James},
  title = {Real-Time Subspace Integration for {S}t. {V}enant-{K}irchhoff Deformable
	Models},
  journal = {ACM Transactions on Graphics (Proc. SIGGRAPH)},
  year = {2005},
  volume = {24},
  pages = {982--990},
  number = {3},
  month = aug
}

@INPROCEEDINGS{Barbic:subspace:2005,
  author = {Barbi\v{c}, Jernej and James, Doug L.},
  title = {Real-Time subspace integration for St. Venant-Kirchhoff deformable
	models},
  booktitle = {ACM Transactions on Graphics (Proc. SIGGRAPH)},
  year = {2005},
  volume = {24}
}

@ARTICLE{Barbic:2011:RLS,
  author = {Jernej Barbi\v{c} and Yili Zhao},
  title = {Real-time Large-deformation Substructuring},
  journal = {ACM Trans. on Graphics (Proc. SIGGRAPH)},
  year = {2011},
  volume = {30},
  pages = {91:1--91:7},
  number = {4}
}

@INPROCEEDINGS{Bargteil:2007,
  author = {Bargteil, Adam W. and Wojtan, Chris and Hodgins, Jessica K. and Turk,
	Greg},
  title = {A finite element method for animating large viscoplastic flow},
  booktitle = {ACM Transactions on Graphics (Proc. SIGGRAPH)},
  year = {2007},
  volume = {26}
}

@INPROCEEDINGS{Becker2007WCSPH,
  author = {Becker, Markus and Teschner, Matthias},
  title = {Weakly compressible SPH for free surface flows},
  booktitle = {Proceedings of the 2007 ACM SIGGRAPH/Eurographics symposium on Computer
	animation},
  year = {2007},
  series = {SCA '07},
  pages = {209--217},
  address = {Aire-la-Ville, Switzerland, Switzerland},
  publisher = {Eurographics Association},
  acmid = {1272719},
  isbn = {978-1-59593-624-0},
  keywords = {Tait equation, fluid dynamics, physically-based simulation, smoothed
	particle hydrodynamics, surface tension, volume preservation},
  location = {San Diego, California},
  numpages = {9},
  url = {http://dl.acm.org/citation.cfm?id=1272690.1272719}
}

@BOOK{Bra77,
  title = {Multi-level adaptive solutions to boundary value problems},
  year = {1977},
  author = {A. Brandt},
  volume = {31},
  series = {Mathematics of Computation}
}

@INPROCEEDINGS{capell,
  author = {Steve Capell and Seth Green and Brian Curless and Tom Duchamp and
	Zoran Popovi\'c},
  title = {A multiresolution framework for dynamic deformations},
  booktitle = {Proc. ACM SIGGRAPH/Eurographics Symposium on Computer animation},
  year = {2002}
}

@INPROCEEDINGS{Carlson:Hodgins:97,
  author = {Deborah A. Carlson and Jessica K. Hodgins},
  title = {{Simulation Levels of Detail for Real-time Animation}},
  booktitle = {{Proc. Graphics Interface}},
  year = {1997}
}

@INPROCEEDINGS{Chenney:1997,
  author = {Chenney, Stephen and Forsyth, David},
  title = {View-dependent culling of dynamic systems in virtual environments},
  booktitle = {Proc. ACM Symposium on Interactive 3D graphics},
  year = {1997}
}

@ARTICLE{Clark:1976,
  author = {Clark, James H.},
  title = {Hierarchical geometric models for visible surface algorithms},
  journal = {Communications of the ACM},
  year = {1976},
  volume = {19}
}

@INPROCEEDINGS{cotin_hybrid,
  author = {S. Cotin and H. Delingette and N. Ayache},
  title = {A Hybrid Elastic Model allowing Real-Time Cutting, Deformations and
	Force-Feedback for Surgery Training and Simulation},
  booktitle = {The Visual Computer},
  year = {2000},
  volume = {16}
}

@INPROCEEDINGS{DDBC99,
  author = {Gilles Debunne and Mathieu Desbrun and Alan H. Barr and Marie-Paule
	Cani},
  title = {Interactive multiresolution animation of deformable models},
  booktitle = {Eurographics Workshop on Computer Animation and Simulation'99, September,
	1999},
  year = {1999},
  editor = {Nadia Magnenat-Thalmann and Daniel Thalmann},
  series = {Computer Science},
  pages = {133--144},
  address = {Milan, Italie},
  month = sep,
  publisher = {Springer},
  keywords = {animation, multiresolution, deformable models}
}

@INPROCEEDINGS{DDCB01,
  author = {G. Debunne and M. Desbrun and M-P. Cani and A. H. Barr},
  title = {Dynamic Real-Time Deformations using Space and Time Adaptive Sampling},
  booktitle = {Proc. ACM SIGGRAPH},
  year = {2001}
}

@INPROCEEDINGS{DDCB00,
  author = {Gilles Debunne and Mathieu Desbrun and Marie-Paule Cani and Alan
	H. Barr},
  title = {Adaptive Simulation of Soft Bodies in Real-Time},
  booktitle = {Computer Animation 2000, April, 2000},
  year = {2000},
  pages = {133--144},
  address = {Philadelphia, Etats-Unis},
  month = jun,
  keywords = {animation, multiresolution, deformable models}
}

@INPROCEEDINGS{Dequidt,
  author = {J. Dequidt and D. Marchal and L. Grisoni},
  title = {Time Critical animation of deformable solids},
  booktitle = {Journal of Computer Animation and Virtual Worlds},
  year = {2005},
  volume = {16}
}

@INPROCEEDINGS{Desbrun:1996:SPN,
  author = {Desbrun, Mathieu and Cani, Marie-Paule},
  title = {Smoothed particles: a new paradigm for animating highly deformable
	bodies},
  booktitle = {Proceedings of the Eurographics workshop on Computer animation and
	simulation '96},
  year = {1996},
  pages = {61--76},
  address = {New York, NY, USA},
  publisher = {Springer-Verlag New York, Inc.},
  acmid = {274981},
  isbn = {3-211-82885-0},
  location = {Poitiers, France},
  numpages = {16},
  url = {http://dl.acm.org/citation.cfm?id=274976.274981}
}

@INPROCEEDINGS{faure:framesteak:11,
  author = {Faure, Fran{\c c}ois and Gilles, Benjamin and Bousquet, Guillaume
	and Pai, Dinesh K.},
  title = {{Sparse Meshless Models of Complex Deformable Solids}},
  booktitle = {ACM Transactions on Graphics (Proc. SIGGRAPH)},
  year = {2011},
  volume = {30}
}

@INPROCEEDINGS{Gain01FFDmultires,
  author = {James E. Gain and Neil A. Dodgson},
  title = {Preventing Self-Intersection under Free-Form Deformation},
  booktitle = {IEEE Transactions on Visualization and Computer Graphics},
  year = {2001},
  volume = {7}
}

@INPROCEEDINGS{ganovelli00multiresolution,
  author = {Fabio Ganovelli and Paolo Cignoni and Claudio Montani and Roberto
	Scopigno},
  title = {A Multiresolution Model for Soft Objects Supporting Interactive Cuts
	and Lacerations},
  booktitle = {Computer Graphics Forum (Proc. EG)},
  year = {2000},
  volume = {19}
}

@INPROCEEDINGS{ganovelli99multires,
  author = {F. Ganovelli and P. Cignoni and R. Scopigno},
  title = {Introducing multiresolution representation in deformable object modeling},
  booktitle = {ACM Spring Conference on Computer Graphics},
  year = {1999}
}

@INPROCEEDINGS{georgii:2006:defoMGridFramework,
  author = {Joachim Georgii and R{\"u}diger Westermann},
  title = {A Multigrid Framework for Real-Time Simulation of Deformable Bodies},
  booktitle = {Computer {\&} Graphics},
  year = {2006},
  volume = {30}
}

@INPROCEEDINGS{gilles:frame:TOG11,
  author = {Gilles, Benjamin and Bousquet, Guillaume and Faure, Fran{\c c}ois
	and Pai, Dinesh},
  title = {{Frame-based Elastic Models}},
  booktitle = {ACM Transactions on Graphics},
  year = {2011},
  volume = {30}
}

@INPROCEEDINGS{CHARMS,
  author = {Eitan Grinspun and Petr Krysl and Peter Schr\"{o}der},
  title = {CHARMS: a simple framework for adaptive simulation},
  booktitle = {ACM Transactions on Graphics (Proc. SIGGRAPH)},
  year = {2002},
  volume = {21}
}

@INPROCEEDINGS{Hahn:2012:RP,
  author = {Hahn, Fabian and Martin, Sebastian and Thomaszewski, Bernhard and
	Sumner, Robert and Coros, Stelian and Gross, Markus},
  title = {Rig-space physics},
  booktitle = {ACM Transactions on Graphics (Proc. SIGGRAPH)},
  year = {2012},
  volume = {31}
}

@ARTICLE{Harmon:2009:ACM,
  author = {David Harmon and Etienne Vouga and Breannan Smith and Rasmus Tamstorf
	and Eitan Grinspun},
  title = {{A}synchronous {C}ontact {M}echanics},
  journal = {SIGGRAPH (ACM Transactions on Graphics)},
  year = {2009},
  volume = {28},
  number = {3},
  month = {Aug}
}

@INPROCEEDINGS{Hildebrandt:2012:ISC,
  author = {Hildebrandt, Klaus and Schulz, Christian and von Tycowicz, Christoph
	and Polthier, Konrad},
  title = {Interactive spacetime control of deformable objects},
  booktitle = {ACM Transactions on Graphics (Proc. SIGGRAPH)},
  year = {2012},
  volume = {31}
}

@ARTICLE{howlett98massspring,
  author = {P. Howlett and W. T. Hewitt},
  title = {Mass-Spring Simulation using Adaptive Non-Active Points},
  journal = {Computer Graphics Forum (Proc. EG)},
  year = {1998},
  volume = {17},
  number = {3}
}

@INPROCEEDINGS{Hutchinson97AdaptiveMassspring,
  author = {D. Hutchinson and M. Preston and T. Hewitt},
  title = {Adaptive refinement for mass/spring simulations},
  booktitle = {Eurographics Workshop on Computer Animation and Simulation},
  year = {1996},
  pages = {31-45}
}

@INPROCEEDINGS{Bender_boundaryhandling,
  author = {Markus Ihmsen and Nadir Akinci and Marc Gissler and Matthias Teschner},
  title = {Boundary handling and adaptive time-stepping for PCISPH},
  booktitle = {Proceedings of Vriphys},
  year = {2010}
}

@ARTICLE{James:03:multiresolutiongreen,
  author = {Doug L. James and Dinesh K. Pai},
  title = {Multiresolution green's function methods for interactive simulation
	of large-scale elastostatic objects},
  journal = {ACM Transactions on Graphics},
  year = {2003},
  volume = {22}
}

@INPROCEEDINGS{Kaufmann:galerkin:08,
  author = {P. Kaufmann and S. Martin and M. Botsch and M. Gross},
  title = {Flexible simulation of deformable models using discontinuous galerkin
	fem},
  booktitle = {Proc. ACM SIGGRAPH/Eurographics Symposium on Computer animation},
  year = {2008}
}

@INPROCEEDINGS{Kavan:2007:SDQ:1230100.1230107,
  author = {Kavan, Ladislav and Collins, Steven and \v{Z}\'{a}ra, Ji\v{r}\'{\i}
	and O'Sullivan, Carol},
  title = {Skinning with dual quaternions},
  booktitle = {Proceedings of the ACM symposium on Interactive 3D graphics and games},
  year = {2007}
}

@INPROCEEDINGS{Kharevych:coarsening:2009,
  author = {Kharevych, Lily and Mullen, Patrick and Owhadi, Houman and Desbrun,
	Mathieu},
  title = {Numerical coarsening of inhomogeneous elastic materials},
  booktitle = {ACM Transactions on Graphics (Proc. SIGGRAPH)},
  year = {2009},
  volume = {28}
}

@ARTICLE{Kim:2011:FSS,
  author = {Kim, Junggon and Pollard, Nancy S.},
  title = {Fast simulation of skeleton-driven deformable body characters},
  journal = {ACM Transactions on Graphics},
  year = {2011},
  volume = {30}
}

@INPROCEEDINGS{Kim:2009:SSD,
  author = {Kim, Theodore and James, Doug L.},
  title = {Skipping steps in deformable simulation with online model reduction},
  booktitle = {ACM Transactions on Graphics (Proc. SIGGRAPH Asia)},
  year = {2009},
  volume = {28}
}

@INPROCEEDINGS{Kry:eigenskin,
  author = {Paul G. Kry and Doug L. James and Dinesh K. Pai},
  title = {EigenSkin: real time large deformation character skinning in hardware},
  booktitle = {Proc. ACM SIGGRAPH/Eurographics Symposium on Computer animation},
  year = {2002},
  pages = {153--159},
  doi = {http://doi.acm.org/10.1145/545261.545286},
  isbn = {1-58113-573-4}
}

@INPROCEEDINGS{Lenoir:spline:2005,
  author = {Lenoir, Julien and Grisoni, Laurent and Chaillou, Christophe and
	Meseure, Philippe},
  title = {Adaptive resolution of 1D mechanical B-spline},
  booktitle = {Proc. ACM GRAPHITE},
  year = {2005}
}

@INPROCEEDINGS{Li:adaptivecloth:2005,
  author = {Li, Ling and Volkov, Vasily},
  title = {Cloth animation with adaptively refined meshes},
  booktitle = {Proc. ACSC},
  year = {2005},
  volume = {38},
  publisher = {Australian Computer Society}
}

@INPROCEEDINGS{Muller2003,
  author = {M\"{u}ller, Matthias and Charypar, David and Gross, Markus},
  title = {Particle-based fluid simulation for interactive applications},
  booktitle = {Proceedings of the 2003 ACM SIGGRAPH/Eurographics symposium on Computer
	animation},
  year = {2003},
  series = {SCA '03},
  pages = {154--159},
  address = {Aire-la-Ville, Switzerland, Switzerland},
  publisher = {Eurographics Association},
  acmid = {846298},
  isbn = {1-58113-659-5},
  location = {San Diego, California},
  numpages = {6},
  url = {http://dl.acm.org/citation.cfm?id=846276.846298}
}

@INPROCEEDINGS{Muller:2011:SSO:2010324.1964987,
  author = {M\"{u}ller, Matthias and Chentanez, Nuttapong},
  title = {Solid simulation with oriented particles},
  booktitle = {ACM Transactions on Graphics (Proc. SIGGRAPH)},
  year = {2011},
  volume = {30}
}

@INPROCEEDINGS{Muller:meshless:04,
  author = {M. M\"{u}ller and R. Keiser and A. Nealen and M. Pauly and M. Gross
	and M. Alexa},
  title = {Point based animation of elastic, plastic and melting objects},
  booktitle = {Proc. ACM SIGGRAPH/Eurographics Symposium on Computer animation},
  year = {2004}
}

@INPROCEEDINGS{thalmann88,
  author = {N. Magnenat-Thalmann and R. Laperri{\`e}re and D. Thalmann},
  title = {Joint dependent local deformations for hand animation and object
	grasping},
  booktitle = {Graphics interface},
  year = {1988},
  pages = {26--33},
  owner = {bgilles},
  timestamp = {2010.01.18}
}

@INPROCEEDINGS{Martin:elaston:2010,
  author = {Martin, Sebastian and Kaufmann, Peter and Botsch, Mario and Grinspun,
	Eitan and Gross, Markus},
  title = {Unified simulation of elastic rods, shells, and solids},
  booktitle = {ACM Transactions on Graphics (Proc. SIGGRAPH)},
  year = {2010},
  volume = {29}
}

@INPROCEEDINGS{Martin:PolyhedralFEM:2008,
  author = {Martin, Sebastian and Kaufmann, Peter and Botsch, Mario and Wicke,
	Martin and Gross, Markus},
  title = {Polyhedral finite elements using harmonic basis functions},
  booktitle = {Proc. Eurographics Symposium on Geometry Processing},
  year = {2008}
}

@INPROCEEDINGS{McAdams:elasticskinning:2011,
  author = {McAdams, Aleka and Zhu, Yongning and Selle, Andrew and Empey, Mark
	and Tamstorf, Rasmus and Teran, Joseph and Sifakis, Eftychios},
  title = {Efficient elasticity for character skinning with contact and collisions},
  booktitle = {ACM Transactions on Graphics (Proc. SIGGRAPH)},
  year = {2011},
  volume = {30}
}

@ARTICLE{Monaghan2005,
  author = {Monaghan, J J},
  title = {{Smoothed particle hydrodynamics}},
  journal = {Reports on Progress in Physics},
  year = {2005},
  volume = {68},
  pages = {1703--1759},
  number = {8},
  month = aug,
  doi = {10.1088/0034-4885/68/8/R01},
  file = {:home/chardon/.local/share/data/Mendeley Ltd./Mendeley Desktop/Downloaded/Monaghan - 2005 - Smoothed particle hydrodynamics.pdf:pdf},
  issn = {0034-4885},
  url = {http://stacks.iop.org/0034-4885/68/i=8/a=R01?key=crossref.c562820df517a049ca7f11d0aefe49b4}
}

@INPROCEEDINGS{muller_interactive,
  author = {M. M{\"u}ller and M. Gross},
  title = {Interactive Virtual Materials},
  booktitle = {Proc. Graphics Interface},
  year = {2004}
}

@INPROCEEDINGS{Muller:shapematching:2005,
  author = {M{\"u}ller, Matthias and Heidelberger, Bruno and Teschner, Matthias
	and Gross, Markus},
  title = {Meshless deformations based on shape matching},
  booktitle = {ACM Transactions on Graphics (Proc. SIGGRAPH)},
  year = {2005},
  volume = {24}
}

@ARTICLE{Narain:2013:FCA,
  author = {Rahul Narain and Tobias Pfaff and James F. O'Brien},
  title = {Folding and Crumpling Adaptive Sheets},
  journal = {ACM Transactions on Graphics},
  year = {2013},
  volume = {32},
  pages = {xxx:1--8},
  number = {4},
  month = jul,
  note = {Proceedings of ACM SIGGRAPH 2013, Anaheim},
  url = {http://graphics.berkeley.edu/papers/Narain-FCA-2013-07/}
}

@ARTICLE{Narain:2012:AAR,
  author = {Rahul Narain and Armin Samii and James F. O'Brien},
  title = {Adaptive Anisotropic Remeshing for Cloth Simulation},
  journal = {ACM Transactions on Graphics},
  year = {2012},
  volume = {31},
  pages = {147:1--10},
  number = {6},
  month = nov,
  note = {Proceedings of ACM SIGGRAPH Asia 2012, Singapore},
  url = {http://graphics.berkeley.edu/papers/Narain-AAR-2012-11/}
}

@INPROCEEDINGS{Nealen:survey:06,
  author = {Nealen, Andrew and M{\"u}ller, Matthias and Keiser, Richard and Boxerman,
	Eddy and Carlson, Mark},
  title = {Physically Based Deformable Models in Computer Graphics},
  booktitle = {Computer Graphics Forum},
  year = {2006},
  volume = {25}
}

@INPROCEEDINGS{nesme:preserving:09,
  author = {Nesme, Matthieu and Kry, Paul and Jerabkova, Lenka and Faure, Fran{\c
	c}ois},
  title = {{Preserving Topology and Elasticity for Embedded Deformable Models}},
  booktitle = {ACM Transactions on Graphics (Proc. SIGGRAPH)},
  year = {2009},
  volume = {28}
}

@ARTICLE{Orthmann:2012:TBA:2393476.2393484,
  author = {Orthmann, Jens and Kolb, Andreas},
  title = {Temporal Blending for Adaptive SPH},
  journal = {Comp. Graph. Forum},
  year = {2012},
  volume = {31},
  pages = {2436--2449},
  number = {8},
  month = dec,
  acmid = {2393484},
  address = {New York, NY, USA},
  doi = {10.1111/j.1467-8659.2012.03186.x},
  issn = {0167-7055},
  issue_date = {December 2012},
  keywords = {I.3.7 [Computer Graphics]: Three-Dimensional Graphics and Realism-Animation},
  numpages = {14},
  publisher = {John Wiley \& Sons, Inc.},
  url = {http://dx.doi.org/10.1111/j.1467-8659.2012.03186.x}
}

@INPROCEEDINGS{Otaduymultigrid,
  author = {Miguel A. Otaduy and Daniel Germann and Stephane Redon and Markus
	Gross},
  title = {Adaptive deformations with fast tight bounds},
  booktitle = {Proc. ACM SIGGRAPH/Eurographics Symposium on Computer animation},
  year = {2007}
}

@INPROCEEDINGS{Sifakis:latticedeformer:2012,
  author = { T. Patterson and N. Mitchell and E. Sifakis},
  title = {Simulation of Complex Nonlinear Elastic Bodies using Lattice Deformers},
  booktitle = {ACM Transactions on Graphics (Proc. SIGGRAPH Asia)},
  year = {2012},
  volume = {31}
}

@BOOK{Press:1992:NRC:148286,
  title = {Numerical recipes in C (2nd ed.): the art of scientific computing},
  publisher = {Cambridge University Press},
  year = {1992},
  author = {Press, William H. and Teukolsky, Saul A. and Vetterling, William
	T. and Flannery, Brian P.},
  address = {New York, NY, USA},
  isbn = {0-521-43108-5}
}

@INPROCEEDINGS{Redon:adaptivearticulated:2005,
  author = {Redon, Stephane and Galoppo, Nico and Lin, Ming C.},
  title = {Adaptive dynamics of articulated bodies},
  booktitle = {ACM Transactions on Graphics (Proc. SIGGRAPH)},
  year = {2005},
  volume = {24}
}

@INPROCEEDINGS{Rivers:FastLSM:2007,
  author = {Rivers, Alec R. and James, Doug L.},
  title = {FastLSM: fast lattice shape matching for robust real-time deformation},
  booktitle = {ACM Transactions on Graphics (Proc. SIGGRAPH)},
  year = {2007},
  volume = {26}
}

@INPROCEEDINGS{Lacoursiere:wire:tvcg11,
  author = {Servin, M. and Lacoursi{\`e}re, C. and Nordfelth, F. and Bodin, K.},
  title = {Hybrid, Multiresolution Wires with Massless Frictional Contacts},
  booktitle = {IEEE Transactions on Visualization and Computer Graphics},
  year = {2011},
  volume = {17}
}

@INPROCEEDINGS{Sifakisy:hybrid:2007,
  author = {Eftychios Sifakis and Tamar Shinar and Geoffrey Irving and Ronald
	Fedkiw},
  title = {Hybrid Simulation of Deformable Solids},
  booktitle = {Proc. ACM SIGGRAPH/Eurographics Symposium on Computer Animation},
  year = {2007}
}

@ARTICLE{Solenthaler:2011:TPS:2010324.1964976,
  author = {Solenthaler, Barbara and Gross, Markus},
  title = {Two-scale particle simulation},
  journal = {ACM Trans. Graph.},
  year = {2011},
  volume = {30},
  pages = {81:1--81:8},
  number = {4},
  month = jul,
  acmid = {1964976},
  address = {New York, NY, USA},
  articleno = {81},
  doi = {10.1145/2010324.1964976},
  issn = {0730-0301},
  issue_date = {July 2011},
  keywords = {SPH, fluid simulation, level of detail, two-scale},
  numpages = {8},
  publisher = {ACM},
  url = {http://doi.acm.org/10.1145/2010324.1964976}
}

@INPROCEEDINGS{Spillmann:rods:08,
  author = {Jonas Spillmann and Matthias Teschner},
  title = {An Adaptive Contact Model for the Robust Simulation of Knots},
  booktitle = {Computer Graphics Forum (Proc. Eurographics)},
  year = {2008},
  volume = {27}
}

@INPROCEEDINGS{Steinemann:adaptiveshapematching:2008,
  author = {Steinemann, Denis and Otaduy, Miguel A. and Gross, Markus},
  title = {Fast adaptive shape matching deformations},
  booktitle = {Proc. ACM SIGGRAPH/Eurographics Symposium on Computer Animation},
  year = {2008}
}

@INPROCEEDINGS{Terzopoulos:1987,
  author = {Terzopoulos, Demetri and Platt, John and Barr, Alan and Fleischer,
	Kurt},
  title = {Elastically deformable models},
  booktitle = {Proc. ACM SIGGRAPH},
  year = {1987}
}

@article{Tetflip2013,
  author={Ryoichi Ando and Nils Th\"urey and Wojtan, Chris},
  title={Highly Adaptive Liquid Simulations on Tetrahedral Meshes},
  journal = {ACM Trans. Graph. (Proc. SIGGRAPH 2013)},
  year = {2013},
  month = {July},
  address = {Anaheim, CA, USA},
  publisher = {ACM},
}

@INPROCEEDINGS{Wicke:2010,
  author = { Martin Wicke and Daniel Ritchie and Bryan M. Klingner and Sebastian
	Burke and Jonathan R. Shewchuk and James F. O'Brien},
  title = {Dynamic Local Remeshing for Elastoplastic Simulation},
  booktitle = {ACM Transactions on Graphics (Proc. SIGGRAPH)},
  year = {2010},
  volume = {29}
}

@INPROCEEDINGS{Witkin2001,
  author = {Witkin, Andrew and Baraff, David and Kass, Michael},
  title = {Physically Based Modeling},
  booktitle = {Online SIGGRAPH Course Notes},
  year = {2001},
  url = {http://www.pixar.com/companyinfo/research/pbm2001/}
}

@INPROCEEDINGS{Wojtan:2008,
  author = {Wojtan, Chris and Turk, Greg},
  title = {Fast viscoelastic behavior with thin features},
  booktitle = {ACM Transactions on Graphics (Proc. SIGGRAPH)},
  year = {2008},
  volume = {27}
}


@INPROCEEDINGS{wu01adaptive,
  author = {Xunlei Wu and Michael S. Downes and Tolga Goktekin and Frank Tendick},
  title = {Adaptive Nonlinear Finite Elements for Deformable Body Simulation
	Using Dynamic Progressive Meshes},
  booktitle = {Computer Graphics Forum (Proc. Eurographics)},
  year = {2001},
  volume = {20}
}

@INPROCEEDINGS{Wu:04:multigrid,
  author = {Xunlei Wu and Frank Tendick},
  title = {Multigrid Integration for Interactive Deformable Body Simulation},
  booktitle = {ACM International Symposium on Medical Simulation},
  year = {2004}
}

