@inproceedings{Allard2007,
  TITLE = {{SOFA - an Open Source Framework for Medical Simulation}},
  AUTHOR = {Allard, J{\'e}r{\'e}mie and Cotin, St{\'e}phane and Faure, Fran{\c c}ois and Bensoussan, Pierre-Jean and Poyer, Fran{\c c}ois and Duriez, Christian and Delingette, Herv{\'e} and Grisoni, Laurent},
  URL = {https://hal.inria.fr/inria-00319416},
  BOOKTITLE = {{MMVR 15 - Medicine Meets Virtual Reality}},
  ADDRESS = {Palm Beach, United States},
  PUBLISHER = {{IOP Press}},
  SERIES = {Studies in Health Technology and Informatics},
  VOLUME = {125},
  PAGES = {13-18},
  YEAR = {2007},
  MONTH = Feb,
  PDF = {https://hal.inria.fr/inria-00319416/file/MMVR07.pdf},
  HAL_ID = {inria-00319416},
  HAL_VERSION = {v1}
}

@article{Barbic2005,
 author = {Barbi\v{c}, Jernej and James, Doug L.},
 title = {Real-Time Subspace Integration for St. Venant-Kirchhoff Deformable Models},
 journal = {ACM Trans. Graph.},
 issue_date = {July 2005},
 volume = {24},
 number = {3},
 month = jul,
 year = {2005},
 issn = {0730-0301},
 pages = {982--990},
 numpages = {9},
 url = {http://doi.acm.org/10.1145/1073204.1073300},
 doi = {10.1145/1073204.1073300},
 acmid = {1073300},
 publisher = {ACM},
 address = {New York, NY, USA},
 keywords = {animation, deformation, finite element method, haptics, interactive, model reduction, precomputation, simulation}
} 

@article{Busaryev2013,
 author = {Busaryev, Oleksiy and Dey, Tamal K. and Wang, Huamin},
 title = {Adaptive Fracture Simulation of Multi-layered Thin Plates},
 journal = {ACM Trans. Graph.},
 issue_date = {July 2013},
 volume = {32},
 number = {4},
 month = jul,
 year = {2013},
 issn = {0730-0301},
 pages = {52:1--52:6},
 articleno = {52},
 numpages = {6},
 url = {http://doi.acm.org/10.1145/2461912.2461920},
 doi = {10.1145/2461912.2461920},
 acmid = {2461920},
 publisher = {ACM},
 address = {New York, NY, USA},
 keywords = {FEM, adaptive remeshing, fracture simulation, layers, thin plates}
} 

@inproceedings{Bridson2003,
 author = {Bridson, R. and Marino, S. and Fedkiw, R.},
 title = {Simulation of Clothing with Folds and Wrinkles},
 booktitle = {Proceedings of the 2003 ACM SIGGRAPH/Eurographics Symposium on Computer Animation},
 series = {SCA '03},
 year = {2003},
 isbn = {1-58113-659-5},
 location = {San Diego, California},
 pages = {28--36},
 numpages = {9},
 url = {http://dl.acm.org/citation.cfm?id=846276.846281},
 acmid = {846281},
 publisher = {Eurographics Association},
 address = {Aire-la-Ville, Switzerland, Switzerland}
} 

@inproceedings{Baraff1998,
 author = {Baraff, David and Witkin, Andrew},
 title = {Large Steps in Cloth Simulation},
 booktitle = {Proceedings of the 25th Annual Conference on Computer Graphics and Interactive Techniques},
 series = {SIGGRAPH '98},
 year = {1998},
 isbn = {0-89791-999-8},
 pages = {43--54},
 numpages = {12},
 url = {http://doi.acm.org/10.1145/280814.280821},
 doi = {10.1145/280814.280821},
 acmid = {280821},
 publisher = {ACM},
 address = {New York, NY, USA},
 keywords = {cloth, constraints, implicit integration, physically-based modeling, simulation}
} 

@article{Chen2014,
 author = {Chen, Zhili and Yao, Miaojun and Feng, Renguo and Wang, Huamin},
 title = {Physics-inspired Adaptive Fracture Refinement},
 journal = {ACM Trans. Graph.},
 issue_date = {July 2014},
 volume = {33},
 number = {4},
 month = jul,
 year = {2014},
 issn = {0730-0301},
 pages = {113:1--113:7},
 articleno = {113},
 numpages = {7},
 url = {http://doi.acm.org/10.1145/2601097.2601115},
 doi = {10.1145/2601097.2601115},
 acmid = {2601115},
 publisher = {ACM},
 address = {New York, NY, USA},
 keywords = {adaptive refinement, animation control, artistic design, discrete gradient flow, fracture animation, material strength}
} 

@article{Faure2011,
    TITLE = {{Sparse Meshless Models of Complex Deformable Solids}},
    AUTHOR = {Faure, Fran{\c c}ois and Gilles, Benjamin and Bousquet, Guillaume and Pai, Dinesh K.},
    URL = {https://hal.inria.fr/inria-00589204},
    JOURNAL = {{ACM Transactions on Graphics}},
    PUBLISHER = {{Association for Computing Machinery (ACM)}},
    SERIES = {Proceedings of SIGGRAPH'2011},
    VOLUME = {30},
    NUMBER = {4},
    PAGES = {Article No. 73},
    YEAR = {2011},
    MONTH = Jul,
    DOI = {10.1145/2010324.1964968},
    KEYWORDS = {Motion},
    PDF = {https://hal.inria.fr/inria-00589204/file/main.pdf},
    HAL_ID = {inria-00589204},
    HAL_VERSION = {v3}
}

@article{Fries2003,
  title={Classification and overview of meshfree methods},
  author={Fries, Thomas-Peter and Matthies, Hermann-Georg},
  journal={Department of Mathematics and Computer Science, Technical University of Braunschweig},
  year={2003}
}


@article{Gilles2011,
    TITLE = {{Frame-based Elastic Models}},
    AUTHOR = {Gilles, Benjamin and Bousquet, Guillaume and Faure, Fran{\c c}ois and Pai, Dinesh},
    URL = {https://hal.inria.fr/inria-00589199},
    JOURNAL = {{ACM Transactions on Graphics}},
    PUBLISHER = {{Association for Computing Machinery (ACM)}},
    VOLUME = {30},
    NUMBER = {2},
    PAGES = {Article No. 15},
    YEAR = {2011},
    MONTH = Apr,
    DOI = {10.1145/1944846.1944855},
    KEYWORDS = {Physically based animation ; deformable solids ; meshless models ; Motion},
    PDF = {https://hal.inria.fr/inria-00589199/file/main.pdf},
    HAL_ID = {inria-00589199},
    HAL_VERSION = {v2}
}

@inproceedings{Grinspun2003,
 author = {Grinspun, Eitan and Hirani, Anil N. and Desbrun, Mathieu and Schr\"{o}der, Peter},
 title = {Discrete Shells},
 booktitle = {Proceedings of the 2003 ACM SIGGRAPH/Eurographics Symposium on Computer Animation},
 series = {SCA '03},
 year = {2003},
 isbn = {1-58113-659-5},
 location = {San Diego, California},
 pages = {62--67},
 numpages = {6},
 url = {http://dl.acm.org/citation.cfm?id=846276.846284},
 acmid = {846284},
 publisher = {Eurographics Association},
 address = {Aire-la-Ville, Switzerland, Switzerland}
} 

@article{Joshi2007,
 author = {Joshi, Pushkar and Meyer, Mark and DeRose, Tony and Green, Brian and Sanocki, Tom},
 title = {Harmonic Coordinates for Character Articulation},
 journal = {ACM Trans. Graph.},
 issue_date = {July 2007},
 volume = {26},
 number = {3},
 month = jul,
 year = {2007},
 issn = {0730-0301},
 articleno = {71},
 url = {http://doi.acm.org/10.1145/1276377.1276466},
 doi = {10.1145/1276377.1276466},
 acmid = {1276466},
 publisher = {ACM},
 address = {New York, NY, USA},
 keywords = {barycentric coordinates, free form deformations, mean value coordinates, rigging}
} 


@article{Kaufmann2009,
    author = {Kaufmann, Peter and Martin, Sebastian and Botsch, Mario and Grinspun, Eitan and Gross, Markus},
    title = {Enrichment Textures for Detailed Cutting of Shells},
    journal = {ACM Trans. Graph.},
    issue_date = {August 2009},
    volume = {28},
    number = {3},
    month = jul,
    year = {2009},
    issn = {0730-0301},
    pages = {50:1--50:10},
    articleno = {50},
    numpages = {10},
    url = {http://doi.acm.org/10.1145/1531326.1531356},
    doi = {10.1145/1531326.1531356},
    acmid = {1531356},
    publisher = {ACM},
    address = {New York, NY, USA}
}

@inproceedings{Lejemble2015,
 author = {Lejemble, Thibault and Fondevilla, Am\'elie and Durin, Nicolas and Blanc-Beyne, Thibault and Shreck, Camille and Manteaux, Pierre-Luc and Kry, Paul G. and Cani, Marie-Paule },
 title = {Interactive procedural simulation of paper tearing with sound},
 booktitle = {Proceedings of the Eigth International Conference on Motion in Games},
 series = {MIG '15},
 year = {2015},
 isbn = {},
 location = {Paris, France},
 pages = {},
 numpages = {6},
 url = {},
 doi = {},
 acmid = {},
 publisher = {ACM},
 address = {New York, NY, USA},
 keywords = {computer animation, tearing, paper, sound, real-time}
} 

@article{Pauly2005,
 author = {Pauly, Mark and Keiser, Richard and Adams, Bart and Dutr{\'e}, Philip and Gross, Markus and Guibas, Leonidas J.},
 title = {Meshless Animation of Fracturing Solids},
 journal = {ACM Trans. Graph.},
 issue_date = {July 2005},
 volume = {24},
 number = {3},
 month = jul,
 year = {2005},
 issn = {0730-0301},
 pages = {957--964},
 numpages = {8},
 url = {http://doi.acm.org/10.1145/1073204.1073296},
 doi = {10.1145/1073204.1073296},
 acmid = {1073296},
 publisher = {ACM},
 address = {New York, NY, USA},
 keywords = {elasticity, fracture, meshless methods, physics-based animation, plasticity}
} 

@article{Martin2010,
	title = {Unified Simulation of Elastic Rods, Shells, and Solids},
	author = {Sebastian Martin and Peter Kaufmann and Mario Botsch and Eitan Grinspun and Markus Gross},
	journal = {ACM Trans. on Graphics (Proc. SIGGRAPH)},
	pages = {39:1-39:10},
	number = {3},
	volume = {29},
	year = {2010}
}

@article{Molino2004,
    author = {Molino, Neil and Bao, Zhaosheng and Fedkiw, Ron},
    title = {A Virtual Node Algorithm for Changing Mesh Topology During Simulation},
    journal = {ACM Trans. Graph.},
    issue_date = {August 2004},
    volume = {23},
    number = {3},
    month = aug,
    year = {2004},
    issn = {0730-0301},
    pages = {385--392},
    numpages = {8},
    url = {http://doi.acm.org/10.1145/1015706.1015734},
    doi = {10.1145/1015706.1015734},
    acmid = {1015734},
    publisher = {ACM},
    address = {New York, NY, USA},
    keywords = {changing mesh topology, finite elements, fracture, sculpting, virtual surgery}
}

@inproceedings{Muller2004,
 author = {M\"{u}ller, M. and Keiser, R. and Nealen, A. and Pauly, M. and Gross, M. and Alexa, M.},
 title = {Point Based Animation of Elastic, Plastic and Melting Objects},
 booktitle = {Proceedings of the 2004 ACM SIGGRAPH/Eurographics Symposium on Computer Animation},
 series = {SCA '04},
 year = {2004},
 isbn = {3-905673-14-2},
 location = {Grenoble, France},
 pages = {141--151},
 numpages = {11},
 url = {http://dx.doi.org/10.1145/1028523.1028542},
 doi = {10.1145/1028523.1028542},
 acmid = {1028542},
 publisher = {Eurographics Association},
 address = {Aire-la-Ville, Switzerland, Switzerland}
} 

@article{Narain2012,
  note = {Proceedings of ACM SIGGRAPH Asia 2012, Singapore},
  title = {Adaptive Anisotropic Remeshing for Cloth Simulation},
  journal = {ACM Transactions on Graphics},
  author = {Rahul Narain and Armin Samii and James F. O'Brien},
  number = 6,
  month = nov,
  volume = 31,
  year = 2012,
  pages = {147:1--10},
  url = {http://graphics.berkeley.edu/papers/Narain-AAR-2012-11/}
}

@article{Narain2013,
  note = {Proceedings of ACM SIGGRAPH 2013, Anaheim},
  title = {Folding and Crumpling Adaptive Sheets},
  journal = {ACM Transactions on Graphics},
  author = {Rahul Narain and Tobias Pfaff and James F. O'Brien},
  number = 4,
  month = jul,
  volume = 32,
  year = 2013,
  pages = {51:1--8},
  url = {http://graphics.berkeley.edu/papers/Narain-FCA-2013-07/}
}

@article {Nealen2006,
author = {Nealen, Andrew and Müller, Matthias and Keiser, Richard and Boxerman, Eddy and Carlson, Mark},
title = {Physically Based Deformable Models in Computer Graphics},
journal = {Computer Graphics Forum},
volume = {25},
number = {4},
publisher = {Blackwell Publishing Ltd},
issn = {1467-8659},
url = {http://dx.doi.org/10.1111/j.1467-8659.2006.01000.x},
doi = {10.1111/j.1467-8659.2006.01000.x},
pages = {809--836},
keywords = {physically based animation, deformation, continuum elasticity, time integration, FEM, mass-spring, mesh-free methods, modal analysis, fluid animation, I.3.5 Computer Graphics: Physically based modeling, I.3.7 Computer Graphics: Animation and virtual reality},
year = {2006}
}

@article{Nesme2009,
  TITLE = {{Preserving Topology and Elasticity for Embedded Deformable Models}},
  AUTHOR = {Nesme, Matthieu and Kry, Paul and Jerabkova, Lenka and Faure, Fran{\c c}ois},
  URL = {https://hal.inria.fr/inria-00394451},
  JOURNAL = {{ACM Transactions on Graphics}},
  PUBLISHER = {{Association for Computing Machinery (ACM)}},
  SERIES = {Proceedings of ACM SIGGRAPH 2009},
  VOLUME = {28},
  NUMBER = {3},
  PAGES = {Article No. 52},
  YEAR = {2009},
  MONTH = Aug,
  DOI = {10.1145/1531326.1531358},
  PDF = {https://hal.inria.fr/inria-00394451/file/composite.pdf},
  HAL_ID = {inria-00394451},
  HAL_VERSION = {v1}
}

@inproceedings{OBrien1999,
  publisher = {ACM Press/Addison-Wesley Publishing Co.},
  doi = {http://doi.acm.org/10.1145/311535.311550},
  title = {Graphical Modeling and Animation of Brittle Fracture},
  booktitle = {Proceedings of ACM SIGGRAPH 1999},
  author = {James F. O'Brien and Jessica K. Hodgins},
  month = aug,
  year = 1999,
  pages = {137--146},
  url = {http://graphics.cs.berkeley.edu/papers/Obrien-GMA-1999-08/}
}

@inproceedings{OBrien2002,
  publisher = {ACM Press},
  title = {Graphical Modeling and Animation of Ductile Fracture},
  booktitle = {Proceedings of ACM SIGGRAPH 2002},
  author = {James F. O'Brien and Adam W. Bargteil and Jessica K. Hodgins},
  month = aug,
  location = {San Antonio, Texas},
  year = 2002,
  pages = {291--294},
  url = {http://graphics.cs.berkeley.edu/papers/Obrien-GMA-2002-08/}
}

@inproceedings{Parker2009,
  title = {Real-Time Deformation and Fracture in a Game Environment},
  booktitle = {Proceedings of the ACM SIGGRAPH/Eurographics Symposium on Computer Animation},
  author = {Eric G. Parker and James F. O'Brien},
  month = aug,
  year = 2009,
  pages = {156--166},
  url = {http://graphics.berkeley.edu/papers/Parker-RTD-2009-08/}
}

@article{Pfaff2014,
  note = {To be presented at SIGGRAPH 2014, Vancouver},
  doi = {0.1145/2601097.2601132},
  title = {Adaptive Tearing and Cracking of Thin Sheets},
  journal = {ACM Transactions on Graphics},
  author = {Tobias Pfaff and Rahul Narain and Juan Miguel de Joya and James F. O'Brien},
  number = 4,
  month = jul,
  volume = 33,
  year = 2014,
  pages = {xx:1--9},
  url = {http://graphics.berkeley.edu/papers/Pfaff-ATC-2014-07/}
}

@article{Remillard2013,
 author = {R{\'e}millard, Olivier and Kry, Paul G.},
 title = {Embedded Thin Shells for Wrinkle Simulation},
 journal = {ACM Trans. Graph.},
 issue_date = {July 2013},
 volume = {32},
 number = {4},
 month = jul,
 year = {2013},
 issn = {0730-0301},
 pages = {50:1--50:8},
 articleno = {50},
 numpages = {8},
 url = {http://doi.acm.org/10.1145/2461912.2462018},
 doi = {10.1145/2461912.2462018},
 acmid = {2462018},
 publisher = {ACM},
 address = {New York, NY, USA},
 keywords = {constraints, finite elements, shape functions, shells}
} 


@inproceedings{Sifakis2007,
    author = {Sifakis, Eftychios and Der, Kevin G. and Fedkiw, Ronald},
    title = {Arbitrary Cutting of Deformable Tetrahedralized Objects},
    booktitle = {Proceedings of the 2007 ACM SIGGRAPH/Eurographics Symposium on Computer Animation},
    series = {SCA '07},
    year = {2007},
    isbn = {978-1-59593-624-0},
    location = {San Diego, California},
    pages = {73--80},
    numpages = {8},
    url = {http://dl.acm.org/citation.cfm?id=1272690.1272701},
    acmid = {1272701},
    publisher = {Eurographics Association},
    address = {Aire-la-Ville, Switzerland, Switzerland}
} 

@article{Steinemann2009,
 author = {Steinemann, Denis and Otaduy, Miguel A. and Gross, Markus},
 title = {Splitting Meshless Deforming Objects with Explicit Surface Tracking},
 journal = {Graph. Models},
 issue_date = {November, 2009},
 volume = {71},
 number = {6},
 month = nov,
 year = {2009},
 issn = {1524-0703},
 pages = {209--220},
 numpages = {12},
 url = {http://dx.doi.org/10.1016/j.gmod.2008.12.004},
 doi = {10.1016/j.gmod.2008.12.004},
 acmid = {1652002},
 publisher = {Academic Press Professional, Inc.},
 address = {San Diego, CA, USA},
 keywords = {Computer animation, Cutting, Deformable objects, Fracture, Meshless discretization, Topological changes}
} 

@article{Teran2005,
 author = {Teran, Joseph and Sifakis, Eftychios and Blemker, Silvia S. and Ng-Thow-Hing, Victor and Lau, Cynthia and Fedkiw, Ronald},
 title = {Creating and Simulating Skeletal Muscle from the Visible Human Data Set},
 journal = {IEEE Transactions on Visualization and Computer Graphics},
 issue_date = {May 2005},
 volume = {11},
 number = {3},
 month = may,
 year = {2005},
 issn = {1077-2626},
 pages = {317--328},
 numpages = {12},
 url = {http://dx.doi.org/10.1109/TVCG.2005.42},
 doi = {10.1109/TVCG.2005.42},
 acmid = {1053688},
 publisher = {IEEE Educational Activities Department},
 address = {Piscataway, NJ, USA},
 keywords = {Index Terms- Finite volume methods, Index Terms- Finite volume methods, constructive solid geometry, physically-based modeling., constructive solid geometry, physically-based modeling.}
} 

@article{Tournier2014,
  TITLE = {{Velocity-based Adaptivity of Deformable Models}},
  AUTHOR = {Tournier, Maxime and Nesme, Matthieu and Faure, Fran{\c c}ois and Gilles, Benjamin},
  URL = {https://hal.inria.fr/hal-01076338},
  JOURNAL = {{Computers and Graphics}},
  PUBLISHER = {{Elsevier}},
  VOLUME = {45},
  PAGES = {75 - 85},
  YEAR = {2014},
  MONTH = Dec,
  DOI = {10.1016/j.cag.2014.08.004},
  KEYWORDS = {Computer Animation ; Physically-based Animation ; Deformable Solids ; Adaptive Kinematics},
  PDF = {https://hal.inria.fr/hal-01076338/file/si-gi-2014.pdf},
  HAL_ID = {hal-01076338},
  HAL_VERSION = {v1}
}

@inproceedings {Wang2014,
    booktitle = {Eurographics/ ACM SIGGRAPH Symposium on Computer Animation},
    editor = {Vladlen Koltun and Eftychios Sifakis},
    title = {{An Adaptive Virtual Node Algorithm with Robust Mesh Cutting}},
    author = {Wang, Yuting and Jiang, Chenfanfu and Schroeder, Craig and Teran, Joseph},
    year = {2014},
    publisher = {The Eurographics Association},
    ISSN = {1727-5288},
    ISBN = {978-3-905674-61-3},
    DOI = {10.2312/sca.20141125}
}

@article{Wang2015,
 author = {Wang, Yu and Jacobson, Alec and Barbic, Jernej and Kavan, Ladislav},
 title = {Linear Subspace Design for Real-Time Shape Deformation},
 journal = {ACM Trans. Graph.},
 issue_date = {July 2015},
 volume = {34},
 number = {4},
 year = {2015}
} 

@InProceedings{Wu2011,
  author =       {Jun Wu and Christian Dick and R{\"{u}}diger Westermann},
  title =        {Interactive High-Resolution Boundary Surfaces for Deformable Bodies with Changing Topology},
  booktitle =    {Proceedings of 8th Workshop on Virtual Reality Interaction and Physical Simulation (VRIPHYS) 2011},
  pages =        {29--38},
  year =         {2011},
}

@article {Wu2015,
    author = {Wu, Jun and Westermann, Rüdiger and Dick, Christian},
    title = {A Survey of Physically Based Simulation of Cuts in Deformable Bodies},
    journal = {Computer Graphics Forum},
    issn = {1467-8659},
    url = {http://dx.doi.org/10.1111/cgf.12528},
    doi = {10.1111/cgf.12528},
    pages = {},
    keywords = {virtual cutting, deformable bodies, physically based modelling, finite elements, surgery simulation, I.3.5 [Computer Graphics]: Computational Geometry and Object Modelling-Physically based modelling, I.3.7 [Computer Graphics]: Three-Dimensional Graphics and Realism-Animation, I.3.8 [Computer Graphics]: Applications},
    year = {2015}
}
