@article{Akinci2013,
    author = {Akinci, Nadir and Akinci, Gizem and Teschner, Matthias},
    title = {Versatile Surface Tension and Adhesion for SPH Fluids},
    journal = {ACM Trans. Graph.},
    issue_date = {November 2013},
    volume = {32},
    number = {6},
    month = nov,
    year = {2013},
    issn = {0730-0301},
    pages = {182:1--182:8},
    articleno = {182},
    numpages = {8},
    url = {http://doi.acm.org/10.1145/2508363.2508395},
    doi = {10.1145/2508363.2508395},
    acmid = {2508395},
    publisher = {ACM},
    address = {New York, NY, USA},
    keywords = {adhesion, fluid simulation, physically-based animation, smoothed particle hydrodynamics, surface tension}
} 

@inproceedings {Akinci2012a,
    booktitle = {Workshop on Virtual Reality Interaction and Physical Simulation},
    editor = {Jan Bender and Arjan Kuijper and Dieter W. Fellner and Eric Guerin},
    title = {{An Efficient Surface Reconstruction Pipeline for Particle-Based Fluids}},
    author = {Akinci, Gizem and Akinci, Nadir and Ihmsen, Markus and Teschner, Matthias},
    year = {2012},
    publisher = {The Eurographics Association},
    ISBN = {978-3-905673-96-8},
    DOI = {10.2312/PE/vriphys/vriphys12/061-068}
}

@article{Akinci2012b,
    author = {Akinci, Nadir and Ihmsen, Markus and Akinci, Gizem and Solenthaler, Barbara and Teschner, Matthias},
    title = {Versatile Rigid-fluid Coupling for Incompressible SPH},
    journal = {ACM Trans. Graph.},
    issue_date = {July 2012},
    volume = {31},
    number = {4},
    month = jul,
    year = {2012},
    issn = {0730-0301},
    pages = {62:1--62:8},
    articleno = {62},
    numpages = {8},
    url = {http://doi.acm.org/10.1145/2185520.2185558},
    doi = {10.1145/2185520.2185558},
    acmid = {2185558},
    publisher = {ACM},
    address = {New York, NY, USA},
    keywords = {fluid simulation, fluid-solid coupling, physically-based animation, smoothed particle hydrodynamics}
} 

@article{Ihmsen2014,
    author = {Markus Ihmsen and Jens Cornelis and Barbara Solenthaler and Christopher Horvath and Matthias Teschner},
    title = {Implicit Incompressible SPH},
    journal ={IEEE Transactions on Visualization and Computer Graphics},
    volume = {20},
    number = {3},
    issn = {1077-2626},
    year = {2014},
    pages = {426-435},
    doi = {http://doi.ieeecomputersociety.org/10.1109/TVCG.2013.105},
    publisher = {IEEE Computer Society},
    address = {Los Alamitos, CA, USA},
}

@article{Ihmsen2011,
    journal = {Computer Graphics Forum},
    title = {{A Parallel SPH Implementation on Multi-Core CPUs}},
    author = {Ihmsen, Markus and Akinci, Nadir and Becker, Markus and Teschner, Matthias},
    year = {2011},
    publisher = {The Eurographics Association and Blackwell Publishing Ltd.},
    ISSN = {1467-8659},
    DOI = {10.1111/j.1467-8659.2010.01832.x}
}
