@article{Adams2007,
 author = {Adams, Bart and Pauly, Mark and Keiser, Richard and Guibas, Leonidas J.},
 title = {Adaptively Sampled Particle Fluids},
 journal = {ACM Trans. Graph.},
 issue_date = {July 2007},
 volume = {26},
 number = {3},
 month = jul,
 year = {2007},
 issn = {0730-0301},
 articleno = {48},
 url = {http://doi.acm.org/10.1145/1276377.1276437},
 doi = {10.1145/1276377.1276437},
 acmid = {1276437},
 publisher = {ACM},
 address = {New York, NY, USA},
 keywords = {adaptive, element refinement, fluid}
} 

@article{Ainsley2012,
 author = {Ainsley, Samantha and Vouga, Etienne and Grinspun, Eitan and Tamstorf, Rasmus},
 title = {Speculative Parallel Asynchronous Contact Mechanics},
 journal = {ACM Trans. Graph.},
 issue_date = {November 2012},
 volume = {31},
 number = {6},
 month = nov,
 year = {2012},
 issn = {0730-0301},
 pages = {151:1--151:8},
 articleno = {151},
 numpages = {8},
 url = {http://doi.acm.org/10.1145/2366145.2366170},
 doi = {10.1145/2366145.2366170},
 acmid = {2366170},
 publisher = {ACM},
 address = {New York, NY, USA},
 keywords = {collision, contact, parallelization, simulation, adaptive, temporal adaptivity, cloth}
} 

@article{Alliez2005,
 author = {Alliez, Pierre and Cohen-Steiner, David and Yvinec, Mariette and Desbrun, Mathieu},
 title = {Variational Tetrahedral Meshing},
 journal = {ACM Trans. Graph.},
 issue_date = {July 2005},
 volume = {24},
 number = {3},
 month = jul,
 year = {2005},
 issn = {0730-0301},
 pages = {617--625},
 numpages = {9},
 url = {http://doi.acm.org/10.1145/1073204.1073238},
 doi = {10.1145/1073204.1073238},
 acmid = {1073238},
 publisher = {ACM},
 address = {New York, NY, USA},
 keywords = {delaunay mesh, isotropic meshing, sizing field, slivers},
}

@incollection{Alliez2008,
year={2008},
isbn={978-3-540-33264-0},
booktitle={Shape Analysis and Structuring},
series={Mathematics and Visualization},
editor={De Floriani, Leila and Spagnuolo, Michela},
doi={10.1007/978-3-540-33265-7_2},
title={Recent Advances in Remeshing of Surfaces},
url={http://dx.doi.org/10.1007/978-3-540-33265-7_2},
publisher={Springer Berlin Heidelberg},
author={Alliez, Pierre and Ucelli, Giuliana and Gotsman, Craig and Attene, Marco},
pages={53-82},
language={English}
}

@article{Ando2012,
 author = {Ando, Ryoichi and Thurey, Nils and Tsuruno, Reiji},
 title = {Preserving Fluid Sheets with Adaptively Sampled Anisotropic Particles},
 journal = {IEEE Transactions on Visualization and Computer Graphics},
 issue_date = {August 2012},
 volume = {18},
 number = {8},
 month = aug,
 year = {2012},
 issn = {1077-2626},
 pages = {1202--1214},
 numpages = {13},
 url = {http://dx.doi.org/10.1109/TVCG.2012.87},
 doi = {10.1109/TVCG.2012.87},
 acmid = {2311784},
 publisher = {IEEE Educational Activities Department},
 address = {Piscataway, NJ, USA},
 keywords = {Physically based modeling, liquid simulation, fluid-implicit-particle method, thin fluid sheets, adaptive sampling, adaptive, element refinement, fluid}
} 

@article{Ando2013,
 author = {Ando, Ryoichi and Th\"{u}rey, Nils and Wojtan, Chris},
 title = {Highly Adaptive Liquid Simulations on Tetrahedral Meshes},
 journal = {ACM Trans. Graph.},
 issue_date = {July 2013},
 volume = {32},
 number = {4},
 month = jul,
 year = {2013},
 issn = {0730-0301},
 pages = {103:1--103:10},
 articleno = {103},
 numpages = {10},
 url = {http://doi.acm.org/10.1145/2461912.2461982},
 doi = {10.1145/2461912.2461982},
 acmid = {2461982},
 publisher = {ACM},
 address = {New York, NY, USA},
 keywords = {adaptivity, fluid simulation, tetrahedral discretization, adaptive, element refinement, fluid}
} 

@article{Artemova2012,
  title = {Adaptively Restrained Particle Simulations},
  author = {Artemova, Svetlana and Redon, Stephane},
  journal = {Phys. Rev. Lett.},
  volume = {109},
  issue = {19},
  pages = {190201},
  numpages = {5},
  year = {2012},
  month = {Nov},
  publisher = {American Physical Society},
  doi = {10.1103/PhysRevLett.109.190201},
  url = {http://link.aps.org/doi/10.1103/PhysRevLett.109.190201},
  keywords = {adaptive, temporal adaptivity, fluid}
}


@article{Babuska1992,
 author = {Babu\v{s}ka, I. and Guo, B. Q.},
 title = {The H, P and H-p Version of the Finite Element Method: Basis Theory and Applications},
 journal = {Adv. Eng. Softw.},
 issue_date = {1992},
 volume = {15},
 number = {3-4},
 month = nov,
 year = {1992},
 issn = {0965-9978},
 pages = {159--174},
 numpages = {16},
 url = {http://dx.doi.org/10.1016/0965-9978(92)90097-Y},
 doi = {10.1016/0965-9978(92)90097-Y},
 acmid = {158184},
 publisher = {Elsevier Science Ltd.},
 address = {Oxford, UK, UK},
 keywords = {h-p version of FEM, p-version of FEM, adaptive finite element method, finite element method}
} 

@article{Baraff1990,
    author = {Baraff, David},
    title = {Curved Surfaces and Coherence for Non-penetrating Rigid Body Simulation},
    journal = {SIGGRAPH Comput. Graph.},
    issue_date = {Aug. 1990},
    volume = {24},
    number = {4},
    month = sep,
    year = {1990},
    issn = {0097-8930},
    pages = {19--28},
    numpages = {10},
    url = {http://doi.acm.org/10.1145/97880.97881},
    doi = {10.1145/97880.97881},
    acmid = {97881},
    publisher = {ACM},
    address = {New York, NY, USA}
} 

@article{Bargteil2006,
 author = {Bargteil, Adam W. and Goktekin, Tolga G. and O'Brien, James F. and Strain, John A.},
 title = {A semi-Lagrangian Contouring Method for Fluid Simulation},
 journal = {ACM Trans. Graph.},
 issue_date = {January 2006},
 volume = {25},
 number = {1},
 month = jan,
 year = {2006},
 issn = {0730-0301},
 pages = {19--38},
 numpages = {20},
 url = {http://doi.acm.org/10.1145/1122501.1122503},
 doi = {10.1145/1122501.1122503},
 acmid = {1122503},
 publisher = {ACM},
 address = {New York, NY, USA},
 keywords = {Natural phenomena, computational fluid dynamics, level-set methods, physically based animation, semi-Lagrangian contouring, surface tracking, adaptive, element refinement, fluid}
} 

@article{Bargteil2007,
 author = {Bargteil, Adam W. and Wojtan, Chris and Hodgins, Jessica K. and Turk, Greg},
 title = {A Finite Element Method for Animating Large Viscoplastic Flow},
 journal = {ACM Trans. Graph.},
 issue_date = {July 2007},
 volume = {26},
 number = {3},
 month = jul,
 year = {2007},
 issn = {0730-0301},
 articleno = {16},
 url = {http://doi.acm.org/10.1145/1276377.1276397},
 doi = {10.1145/1276377.1276397},
 acmid = {1276397},
 publisher = {ACM},
 address = {New York, NY, USA},
 keywords = {computational fluid dynamics, deformable models, elastoplastic, finite element methods, natural phenomena, physically based animation, viscoelastic, viscoplastic, adaptive, temporal adaptivity, solid}
}

@article{bargteil2014animation,
  title={Animation of Deformable Bodies with Quadratic B{\'e}zier Finite Elements},
  author={Bargteil, Adam W and Cohen, Elaine},
  journal={ACM Transactions on Graphics (TOG)},
  volume={33},
  number={3},
  pages={27},
  year={2014},
  publisher={ACM},
  keywords = {adaptive, basis refinement, solid}
}

@inproceedings{Batty2011,
 author = {Batty, Christopher and Houston, Ben},
 title = {A Simple Finite Volume Method for Adaptive Viscous Liquids},
 booktitle = {Proceedings of the 2011 ACM SIGGRAPH/Eurographics Symposium on Computer Animation},
 series = {SCA '11},
 year = {2011},
 isbn = {978-1-4503-0923-3},
 location = {Vancouver, British Columbia, Canada},
 pages = {111--118},
 numpages = {8},
 url = {http://doi.acm.org/10.1145/2019406.2019421},
 doi = {10.1145/2019406.2019421},
 acmid = {2019421},
 publisher = {ACM},
 address = {New York, NY, USA},
 keywords = {adaptive, element refinement, fluid}
} 

@inproceedings{Batty2010,
 author = {Christopher Batty and Stefan Xenos and Ben Houston},
 title = {Tetrahedral Embedded Boundary Methods for Accurate and Flexible Adaptive Fluids},
 booktitle = {Proceedings of Eurographics},
 year = {2010},
 keywords = {adaptive, element refinement, fluid}
}

@article{belytschko2009review,
  title={A review of extended/generalized finite element methods for material modeling},
  author={Belytschko, Ted and Gracie, Robert and Ventura, Giulio},
  journal={Modelling and Simulation in Materials Science and Engineering},
  volume={17},
  number={4},
  pages={043001},
  year={2009},
  publisher={IOP Publishing}
}

@InProceedings{Bender2012,
  Title                    = {Efficient Cloth Simulation Using an Adaptive Finite Element Method.},
  Author                   = {Bender, Jan and Deul, Crispin},
  Booktitle                = {VRIPHYS},
  Year                     = {2012},
  Publisher                = {Eurographics Association},
  keywords = {adaptive, element refinement, cloth}
}

@inproceedings{Bender2012b,
  title =      "Interactive Simulation of Rigid Body Dynamics in Computer Graphics",
  author =     "Jan Bender and Kenny Erleben and Jeff Trinkle and Erwin Coumans",
  year =       "2012",  
  booktitle =  "EUROGRAPHICS 2012 State of the Art Reports",
  publisher =  "Eurographics Association",
  location =   "Cagliari, Sardinia, Italy"
}

@inproceedings{Bender2015,
    author = {Jan Bender and Dan Koschier},
    title = {Divergence-Free Smoothed Particle Hydrodynamics},
    booktitle = {Proceedings of the 2015 ACM SIGGRAPH/Eurographics Symposium on Computer Animation},
    year = {2015},
    publisher = {ACM},
    doi = {http://dx.doi.org/10.1145/2786784.2786796}
}

@inproceedings{Bertails2003,
 author = {Bertails, F. and Kim, T-Y. and Cani, M-P. and Neumann, U.},
 title = {Adaptive Wisp Tree: A Multiresolution Control Structure for Simulating Dynamic Clustering in Hair Motion},
 booktitle = {Proceedings of the 2003 ACM SIGGRAPH/Eurographics Symposium on Computer Animation},
 series = {SCA '03},
 year = {2003},
 isbn = {1-58113-659-5},
 location = {San Diego, California},
 pages = {207--213},
 numpages = {7},
 url = {http://dl.acm.org/citation.cfm?id=846276.846305},
 acmid = {846305},
 publisher = {Eurographics Association},
 keywords = {adaptive, element refinement, hair}
}

@article{Bojsen-Hansen2013,
 author = {Bojsen-Hansen, Morten and Wojtan, Chris},
 title = {Liquid Surface Tracking with Error Compensation},
 journal = {ACM Trans. Graph.},
 issue_date = {July 2013},
 volume = {32},
 number = {4},
 month = jul,
 year = {2013},
 issn = {0730-0301},
 pages = {68:1--68:13},
 articleno = {68},
 numpages = {13},
 url = {http://doi.acm.org/10.1145/2461912.2461991},
 doi = {10.1145/2461912.2461991},
 acmid = {2461991},
 publisher = {ACM},
 keywords = {adaptive, mixed models, fluid}
} 

@article{Bridson2002,
 author = {Bridson, Robert and Fedkiw, Ronald and Anderson, John},
 title = {Robust Treatment of Collisions, Contact and Friction for Cloth Animation},
 journal = {ACM Trans. Graph.},
 issue_date = {July 2002},
 volume = {21},
 number = {3},
 month = jul,
 year = {2002},
 issn = {0730-0301},
 pages = {594--603},
 numpages = {10},
 url = {http://doi.acm.org/10.1145/566654.566623},
 doi = {10.1145/566654.566623},
 acmid = {566623},
 publisher = {ACM},
 keywords = {cloth, collision detection, collision response, contacts, kinetic friction, physically based animation, static friction, adaptive, temporal adaptivity}
} 

@inproceedings{Bridson2003,
 author = {Bridson, R. and Marino, S. and Fedkiw, R.},
 title = {Simulation of Clothing with Folds and Wrinkles},
 booktitle = {Proceedings of the 2003 ACM SIGGRAPH/Eurographics Symposium on Computer Animation},
 series = {SCA '03},
 year = {2003},
 isbn = {1-58113-659-5},
 location = {San Diego, California},
 pages = {28--36},
 numpages = {9},
 url = {http://dl.acm.org/citation.cfm?id=846276.846281},
 acmid = {846281},
 publisher = {Eurographics Association},
 keywords = {adaptive, temporal adaptivity, cloth}
} 

@book{Bridson2008,
title={Fluid Simulation for Computer Graphics},
author={Robert Bridson},
isbn={9781568813264},
lccn={2008021768},
series={Ak Peters Series},
url={http://books.google.fr/books?id=gFI8y87VCZ8C},
year={2008},
publisher={Taylor \& Francis}
}

@article{Brochu2010,
 author = {Brochu, Tyson and Batty, Christopher and Bridson, Robert},
 title = {Matching Fluid Simulation Elements to Surface Geometry and Topology},
 journal = {ACM Trans. Graph.},
 issue_date = {July 2010},
 volume = {29},
 number = {4},
 month = jul,
 year = {2010},
 issn = {0730-0301},
 pages = {47:1--47:9},
 articleno = {47},
 numpages = {9},
 url = {http://doi.acm.org/10.1145/1778765.1778784},
 doi = {10.1145/1778765.1778784},
 acmid = {1778784},
 publisher = {ACM},
 keywords = {fluid simulation, liquids, meshes, surface tension, adaptive, element refinement, fluid}
} 

@article{Brochu2009,
 author = {Brochu, Tyson and Bridson, Robert},
 title = {Robust Topological Operations for Dynamic Explicit Surfaces},
 journal = {SIAM J. Sci. Comput.},
 issue_date = {June 2009},
 volume = {31},
 number = {4},
 month = jun,
 year = {2009},
 issn = {1064-8275},
 pages = {2472--2493},
 numpages = {22},
 url = {http://dx.doi.org/10.1137/080737617},
 doi = {10.1137/080737617},
 acmid = {1654951},
 publisher = {Society for Industrial and Applied Mathematics},
 keywords = {dynamic surfaces, geometric flows, interface tracking, triangle meshes, adaptive, moving mesh, fluid}
} 

@article{Busaryev2013,
 author = {Busaryev, Oleksiy and Dey, Tamal K. and Wang, Huamin},
 title = {Adaptive Fracture Simulation of Multi-layered Thin Plates},
 journal = {ACM Trans. Graph.},
 issue_date = {July 2013},
 volume = {32},
 number = {4},
 month = jul,
 year = {2013},
 issn = {0730-0301},
 pages = {52:1--52:6},
 articleno = {52},
 numpages = {6},
 url = {http://doi.acm.org/10.1145/2461912.2461920},
 doi = {10.1145/2461912.2461920},
 acmid = {2461920},
 publisher = {ACM},
 keywords = {FEM, adaptive remeshing, fracture simulation, layers, thin plates, adaptive, element refinement, sheets}
} 

@inproceedings{Capell2002,
 author = {Capell, Steve and Green, Seth and Curless, Brian and Duchamp, Tom and Popovi\'{c}, Zoran},
 title = {A Multiresolution Framework for Dynamic Deformations},
 booktitle = {Proceedings of the 2002 ACM SIGGRAPH/Eurographics Symposium on Computer Animation},
 series = {SCA '02},
 year = {2002},
 isbn = {1-58113-573-4},
 location = {San Antonio, Texas},
 pages = {41--47},
 numpages = {7},
 url = {http://doi.acm.org/10.1145/545261.545268},
 doi = {10.1145/545261.545268},
 acmid = {545268},
 publisher = {ACM},
 keywords = {animation, deformation, hierarchical basis, multiresolution, physically-based animation, physically-based modeling, adaptive, basis refinement, solid}
} 

@inproceedings{Carlson1997,
 author = {Carlson, Deborah A. and Hodgins, Jessica K.},
 title = {Simulation Levels of Detail for Real-time Animation},
 booktitle = {Proceedings of the Conference on Graphics Interface '97},
 year = {1997},
 isbn = {0-9695338-6-1},
 location = {Kelowna, British Columbia, Canada},
 pages = {1--8},
 numpages = {8},
 url = {http://dl.acm.org/citation.cfm?id=266774.266777},
 acmid = {266777},
 publisher = {Canadian Information Processing Society},
 keywords = {adaptive, mixed models, solid}
} 

@inproceedings{carlson2004rigid,
  title={Rigid fluid: animating the interplay between rigid bodies and fluid},
  author={Carlson, Mark and Mucha, Peter J and Turk, Greg},
  booktitle={ACM Transactions on Graphics (TOG)},
  volume={23},
  number={3},
  pages={377--384},
  year={2004},
  organization={ACM}
}

@article{Cerda2003,
  title = {Geometry and Physics of Wrinkling},
  author = {Cerda, E. and Mahadevan, L.},
  journal = {Phys. Rev. Lett.},
  volume = {90},
  issue = {7},
  pages = {074302},
  numpages = {4},
  year = {2003},
  month = {Feb},
  publisher = {American Physical Society},
  doi = {10.1103/PhysRevLett.90.074302},
  url = {http://link.aps.org/doi/10.1103/PhysRevLett.90.074302}
}

@book{Cheng2012,
  title={Delaunay Mesh Generation},
  author={Siu-Wing Cheng and Tamal Krishna Dey and Jonathan Richard Shewchuk},
  publisher={CRC Press},
  month={December},
  year={2012}
}

@inproceedings{Chentanez2007,
 author = {Chentanez, Nuttapong and Feldman, Bryan E. and Labelle, Fran\c{c}ois and O'Brien, James F. and Shewchuk, Jonathan R.},
 title = {Liquid Simulation on Lattice-based Tetrahedral Meshes},
 booktitle = {Proceedings of the 2007 ACM SIGGRAPH/Eurographics Symposium on Computer Animation},
 series = {SCA '07},
 year = {2007},
 isbn = {978-1-59593-624-0},
 location = {San Diego, California},
 pages = {219--228},
 numpages = {10},
 url = {http://dl.acm.org/citation.cfm?id=1272690.1272720},
 acmid = {1272720},
 publisher = {Eurographics Association},
 keywords = {computational fluid dynamics, natural phenomena, physically based animation, tetrahedral mesh, adaptive, element refinement, fluid}
} 

@article{Chentanez2011,
 author = {Chentanez, Nuttapong and M\"{u}ller, Matthias},
 title = {Real-time Eulerian Water Simulation Using a Restricted Tall Cell Grid},
 journal = {ACM Trans. Graph.},
 issue_date = {July 2011},
 volume = {30},
 number = {4},
 month = jul,
 year = {2011},
 issn = {0730-0301},
 pages = {82:1--82:10},
 articleno = {82},
 numpages = {10},
 url = {http://doi.acm.org/10.1145/2010324.1964977},
 doi = {10.1145/2010324.1964977},
 acmid = {1964977},
 publisher = {ACM},
 keywords = {fluid simulation, multigrid, real time, tall cell grid, adaptive, element refinement, fluid}
} 

@inproceedings{Chentanez2010,
 author = {Chentanez, Nuttapong and M\"{u}ller, Matthias},
 title = {Real-time Simulation of Large Bodies of Water with Small Scale Details},
 booktitle = {Proceedings of the 2010 ACM SIGGRAPH/Eurographics Symposium on Computer Animation},
 series = {SCA '10},
 year = {2010},
 location = {Madrid, Spain},
 pages = {197--206},
 numpages = {10},
 url = {http://dl.acm.org/citation.cfm?id=1921427.1921457},
 acmid = {1921457},
 publisher = {Eurographics Association},
 keywords = {natural phenomena, physically based animation, adaptive, mixed models, fluid}
} 

@inproceedings{Chentanez2014,
author = {Nuttapong Chentanez and Matthias M\"uller and Tae-Yong Kim },
title = {{Coupling 3D Eulerian, Heightfield and Particle Methods for Interactive Simulation of Large Scale Liquid Phenomena}},
pages = {1-10},
URL = {http://diglib.eg.org/EG/DL/WS/SCA/SCA14/001-010.pdf},
DOI = {10.2312/sca.20141117},
editor = {Vladlen Koltun and Eftychios Sifakis},
booktitle = {Eurographics/ ACM SIGGRAPH Symposium on Computer Animation},
year = {2014},
isbn = {978-3-905674-61-3},
issn = {1727-5288},
publisher = {Eurographics Association},
keywords = {adaptive, mixed models, fluid}
}

@article{Clausen2013,
 author = {Clausen, Pascal and Wicke, Martin and Shewchuk, Jonathan R. and O'Brien, James F.},
 title = {Simulating Liquids and Solid-liquid Interactions with Lagrangian Meshes},
 journal = {ACM Trans. Graph.},
 issue_date = {April 2013},
 volume = {32},
 number = {2},
 month = apr,
 year = {2013},
 issn = {0730-0301},
 pages = {17:1--17:15},
 articleno = {17},
 numpages = {15},
 url = {http://doi.acm.org/10.1145/2451236.2451243},
 doi = {10.1145/2451236.2451243},
 acmid = {2451243},
 publisher = {ACM},
 keywords = {Simulation, dynamic mesh generation, finite element method, fluid dynamics, local remeshing, melting, physically based computer animation, solid-fluid interface, surface tension, thermoelasticity, adaptive, element refinement, fluid}
} 


@inproceedings{Cohen2010,
 author = {Cohen, Jonathan M. and Tariq, Sarah and Green, Simon},
 title = {Interactive Fluid-particle Simulation Using Translating Eulerian Grids},
 booktitle = {Proceedings of the 2010 ACM SIGGRAPH Symposium on Interactive 3D Graphics and Games},
 series = {I3D '10},
 year = {2010},
 isbn = {978-1-60558-939-8},
 location = {Washington, D.C.},
 pages = {15--22},
 numpages = {8},
 url = {http://doi.acm.org/10.1145/1730804.1730807},
 doi = {10.1145/1730804.1730807},
 acmid = {1730807},
 publisher = {ACM},
 keywords = {GPU computing, fluid simulation, particle simulation, adaptive, moving mesh, fluid}
} 

@article{Cornelis2014,
journal = {Computer Graphics Forum},
title = {{IISPH-FLIP for Incompressible Fluids}},
author = {Jens Cornelis and Markus Ihmsen and Andreas Peer and Matthias Teschner },
year = {2014},
pages = {255-262},
volume= {33},
number= {2},
URL = {http://diglib.eg.org/EG/CGF/volume33/issue2/v33i2pp255-262.pdf},
DOI = {10.1111/cgf.12324}
}

@article{Courant1928,
year={1928},
issn={0025-5831},
journal={Mathematische Annalen},
volume={100},
number={1},
doi={10.1007/BF01448839},
title={{\"U}ber die partiellen {D}ifferenzengleichungen der mathematischen {P}hysik},
url={http://dx.doi.org/10.1007/BF01448839},
publisher={Springer-Verlag},
author={Courant, R. and Friedrichs, K. and Lewy, H.},
pages={32-74},
language={German},
note={English translation: Courant et al., ``On the partial difference equations of mathematical physics'', IBM J. Res. Dev.\ (1967).}
}

@article{Courant1967,
author = {Courant, R. and Friedrichs, K. and Lewy, H.},
title = {On the Partial Difference Equations of Mathematical Physics},
journal = {IBM J. Res. Dev.},
issue_date = {March 1967},
volume = {11},
number = {2},
month = mar,
year = {1967},
issn = {0018-8646},
pages = {215--234},
numpages = {20},
url = {http://dx.doi.org/10.1147/rd.112.0215},
doi = {10.1147/rd.112.0215},
acmid = {1662757},
publisher = {IBM Corp.},
address = {Riverton, NJ, USA},
options = {skipbib=true}
} 

@inproceedings{Crane:2013:DGP,
author = {Crane, Keenan and De Goes, Fernando and Desbrun, Mathieu and Schr{\"o}der, Peter},
title = {Digital Geometry Processing with Discrete Exterior Calculus},
booktitle = {ACM SIGGRAPH 2013 courses},
series = {SIGGRAPH '13},
year = {2013},
location = {Anaheim, California},
numpages = {126},
publisher = {ACM},
address = {New York, NY, USA}
}

@inproceedings{Debunne2000,
 author = {Debunne, Gilles and Cani, Marie-Paule and Desbrun, Mathieu and Barr, Alan},
 title = {Adaptive Simulation of Soft Bodies in Real-Time},
 booktitle = {Proceedings of the Computer Animation},
 series = {CA '00},
 year = {2000},
 pages = {15--},
 url = {http://dl.acm.org/citation.cfm?id=872743.872921},
 acmid = {872921},
 publisher = {IEEE Computer Society},
 keywords = {adaptive, element refinement, solid}
} 

@inproceedings{Debunne1999,
author = {Gilles Debunne and Mathieu Desbrun and Alan H. Barr and Marie-Paule Cani},
title = {Interactive multiresolution animation of deformable models},
booktitle = {Eurographics Workshop on Computer Animation and Simulation'99, September, 1999},
series = {Computer Science},
editor = {Nadia Magnenat-Thalmann and Daniel Thalmann},
publisher = {Springer},
pages = {133--144},
keywords = {animation, multiresolution, deformable models, adaptive, element refinement, solid},
month = {sep},
year = {1999}
}

@inproceedings{Debunne2001,
 author = {Debunne, Gilles and Desbrun, Mathieu and Cani, Marie-Paule and Barr, Alan H.},
 title = {Dynamic Real-time Deformations Using Space \& Time Adaptive Sampling},
 booktitle = {Proceedings of the 28th Annual Conference on Computer Graphics and Interactive Techniques},
 series = {SIGGRAPH '01},
 year = {2001},
 isbn = {1-58113-374-X},
 pages = {31--36},
 numpages = {6},
 url = {http://doi.acm.org/10.1145/383259.383262},
 doi = {10.1145/383259.383262},
 acmid = {383262},
 publisher = {ACM},
 keyword = {adaptive, element refinement, temporal adaptivity, solid}
} 

@article{deGoes2015,
 author = {de Goes, Fernando and Wallez, Corentin and Huang, Jin and Pavlov, Dmitry and Desbrun, Mathieu},
 title = {Power Particles: An Incompressible Fluid Solver Based on Power Diagrams},
 journal = {ACM Trans. Graph.},
 issue_date = {August 2015},
 volume = {34},
 number = {4},
 month = jul,
 year = {2015},
 issn = {0730-0301},
 pages = {50:1--50:11},
 articleno = {50},
 numpages = {11},
 url = {http://doi.acm.org/10.1145/2766901},
 doi = {10.1145/2766901},
 acmid = {2766901},
 publisher = {ACM},
 address = {New York, NY, USA},
 keywords = {Lagrangian fluid simulation, free surface, incompressibility, multiphase flows, power diagrams},
}

@techreport{Desbrun1999,
    hal_id = {inria-00072829},
    url = {http://hal.inria.fr/inria-00072829},
    title = {{Space-Time Adaptive Simulation of Highly Deformable Substances}},
    author = {Desbrun, Mathieu and Cani, Marie-Paule},
    keywords = {SIMULATION / DEFORMABLE OBJECTS / PARTICLE SYSTEM / SPACE-TIME ADAPTION},
    language = {Anglais},
    affiliation = {Computer Science Department - CS CALTECH , iMAGIS - IMAG-INRIA Rh{\^o}ne-Alpes / GRAVIR},
    type = {Rapport de recherche},
    institution = {INRIA},
    number = {RR-3829},
    year = {1999},
    pdf = {http://hal.inria.fr/inria-00072829/PDF/RR-3829.pdf},
    keywords = {adaptive, element refinement, temporal adaptivity, fluid}
}

@inproceedings{Desbrun1996,
 author = {Desbrun, Mathieu and Cani, Marie-Paule},
 title = {Smoothed Particles: A New Paradigm for Animating Highly Deformable Bodies},
 booktitle = {Proceedings of the Eurographics Workshop on Computer Animation and Simulation '96},
 year = {1996},
 isbn = {3-211-82885-0},
 location = {Poitiers, France},
 pages = {61--76},
 numpages = {16},
 url = {http://dl.acm.org/citation.cfm?id=274976.274981},
 acmid = {274981},
 publisher = {Springer-Verlag New York, Inc.}
} 

@article{Dick2011,
author={Dick, C. and Georgii, J. and Westermann, R.},
journal={Visualization and Computer Graphics, IEEE Transactions on},
title={A Hexahedral Multigrid Approach for Simulating Cuts in Deformable Objects},
year={2011},
month={Nov},
volume={17},
number={11},
pages={1663-1675},
doi={10.1109/TVCG.2010.268},
ISSN={1077-2626},
keywords = {adaptive, element refinement, solid}
}

@article {Dobashi2008,
author = {Dobashi, Yoshinori and Matsuda, Yasuhiro and Yamamoto, Tsuyoshi and Nishita, Tomoyuki},
title = {A Fast Simulation Method Using Overlapping Grids for Interactions between Smoke and Rigid Objects},
journal = {Computer Graphics Forum},
volume = {27},
number = {2},
publisher = {Blackwell Publishing Ltd},
issn = {1467-8659},
url = {http://dx.doi.org/10.1111/j.1467-8659.2008.01145.x},
doi = {10.1111/j.1467-8659.2008.01145.x},
pages = {477--486},
keywords = {I.3.7 [Computer Graphics], Three-Dimensional Graphics and Realism - Animation; I.3.7 [Computer Graphics], Three-Dimensional Graphics and Realism; I.6.8 [Simulation and Modeling], Types of Simulation - Animation; I.6.3 [Simulation and Modeling], Applications, adaptive, moving mesh, fluid},
year = {2008}
}

@inbook{Donea2004,
title = {Arbitrary Lagrangian-Eulerian Methods},
author = {Donea, Jean and Huerta, Antonio and Ponthot, J.-Ph. and Rodr\'iguez-Ferran, A.},
publisher = {John Wiley \& Sons, Ltd},
isbn = {9780470091357},
url = {http://dx.doi.org/10.1002/0470091355.ecm009},
doi = {10.1002/0470091355.ecm009},
keywords = {ALE description, convective transport, finite elements, stabilization techniques, mesh regularization and adaptation, fluid dynamics, nonlinear solid mechanics, stress-update procedures, fluid-structure interaction},
booktitle = {Encyclopedia of Computational Mechanics},
year = {2004},
chapter = {14}
}

@article{Edwards2014,
 author = {Edwards, Essex and Bridson, Robert},
 title = {Detailed Water with Coarse Grids: Combining Surface Meshes and Adaptive Discontinuous Galerkin},
 journal = {ACM Trans. Graph.},
 issue_date = {July 2014},
 volume = {33},
 number = {4},
 month = jul,
 year = {2014},
 issn = {0730-0301},
 pages = {136:1--136:9},
 articleno = {136},
 numpages = {9},
 url = {http://doi.acm.org/10.1145/2601097.2601167},
 doi = {10.1145/2601097.2601167},
 acmid = {2601167},
 publisher = {ACM},
 keywords = {adaptive, discontinuous Galerkin, fluid simulation, liquids, meshes, basis refinement, fluid}
} 

@article {Edwards2012,
author = {Edwards, Essex and Bridson, Robert},
title = {A high-order accurate particle-in-cell method},
journal = {International Journal for Numerical Methods in Engineering},
volume = {90},
number = {9},
publisher = {John Wiley \& Sons, Ltd},
issn = {1097-0207},
url = {http://dx.doi.org/10.1002/nme.3356},
doi = {10.1002/nme.3356},
pages = {1073--1088},
keywords = {particle-in-cell, high-order accuracy, low dissipation, inviscid, incompressible, unstructured, PIC, FLIP, MPM, GIMP, adaptive, basis refinement, fluid},
year = {2012}
}

@article{English2013,
 author = {English, R. Elliot and Qiu, Linhai and Yu, Yue and Fedkiw, Ronald},
 title = {An Adaptive Discretization of Incompressible Flow Using a Multitude of Moving Cartesian Grids},
 journal = {J. Comput. Phys.},
 issue_date = {December, 2013},
 volume = {254},
 month = dec,
 year = {2013},
 issn = {0021-9991},
 pages = {107--154},
 numpages = {48},
 url = {http://dx.doi.org/10.1016/j.jcp.2013.07.032},
 doi = {10.1016/j.jcp.2013.07.032},
 acmid = {2527942},
 publisher = {Academic Press Professional, Inc.},
 keywords = {Adaptive mesh refinement, Arbitrary Lagrangian Eulerian, Chimera grids, Incompressible flow, Monolithic Poisson discretization, Parallel simulation, Voronoi diagrams, adaptive, moving mesh, fluid}
}

@article{Fan2013,
 author = {Fan, Ye and Litven, Joshua and Levin, David I. W. and Pai, Dinesh K.},
 title = {Eulerian-on-lagrangian Simulation},
 journal = {ACM Trans. Graph.},
 issue_date = {June 2013},
 volume = {32},
 number = {3},
 month = jul,
 year = {2013},
 issn = {0730-0301},
 pages = {22:1--22:9},
 articleno = {22},
 numpages = {9},
 url = {http://doi.acm.org/10.1145/2487228.2487230},
 doi = {10.1145/2487228.2487230},
 acmid = {2487230},
 publisher = {ACM},
 keywords = {Deformation, Eulerian, contact, continuum mechanics, rigid bodies, adaptive, moving mesh, solid}
} 

@article{Fan2014,
 author = {Fan, Ye and Litven, Joshua and Pai, Dinesh K.},
 title = {Active Volumetric Musculoskeletal Systems},
 journal = {ACM Trans. Graph.},
 issue_date = {July 2014},
 volume = {33},
 number = {4},
 month = jul,
 year = {2014},
 issn = {0730-0301},
 pages = {152:1--152:9},
 articleno = {152},
 numpages = {9},
 url = {http://doi.acm.org/10.1145/2601097.2601215},
 doi = {10.1145/2601097.2601215},
 acmid = {2601215},
 publisher = {ACM},
 keywords = {Eulerian simulation, activation, deformation, muscle, musculoskeleton, soft tissues, adaptive, moving mesh, solid}
} 

@article{Feldman2003,
 author = {Feldman, Bryan E. and O'Brien, James F. and Arikan, Okan},
 title = {Animating Suspended Particle Explosions},
 journal = {ACM Trans. Graph.},
 issue_date = {July 2003},
 volume = {22},
 number = {3},
 month = jul,
 year = {2003},
 issn = {0730-0301},
 pages = {708--715},
 numpages = {8},
 url = {http://doi.acm.org/10.1145/882262.882336},
 doi = {10.1145/882262.882336},
 acmid = {882336},
 publisher = {ACM},
 keywords = {combustion, computational fluid dynamics, explosions, fire, natural phenomena, physically based animation, adaptive, mixed models, fluid}
} 

@article{Ferstl2014,
    author  = {Ferstl, F. and Westermann, R. and Dick, C.},
    title   = {Large-Scale Liquid Simulation on Adaptive Hexahedral Grids},
    journal = {Visualization and Computer Graphics, IEEE Transactions on},
    volume  = {PP},
    number  = {99},
    pages   = {1-1}, 
    year    = {2014},	
    month   = {}, 	
    doi     = {10.1109/TVCG.2014.2307873}, 
    ISSN    = {1077-2626},
    keywords = {adaptive, element refinement, fluid}
}

@inproceedings{Fierz2011,
 author = {Fierz, B. and Spillmann, J. and Harders, M.},
 title = {Element-wise Mixed Implicit-explicit Integration for Stable Dynamic Simulation of Deformable Objects},
 booktitle = {Proceedings of the 2011 ACM SIGGRAPH/Eurographics Symposium on Computer Animation},
 series = {SCA '11},
 year = {2011},
 isbn = {978-1-4503-0923-3},
 location = {Vancouver, British Columbia, Canada},
 pages = {257--266},
 numpages = {10},
 url = {http://doi.acm.org/10.1145/2019406.2019440},
 doi = {10.1145/2019406.2019440},
 acmid = {2019440},
 publisher = {ACM},
 keywords = {adaptive, temporal adaptivity, solid}
} 

@inproceedings{Fong2007,
    author = {Fong, William and Darve, Eric and Lew, Adrian},
    title = {Stability of Asynchronous Variational Integrators},
    booktitle = {Proceedings of the 21st International Workshop on Principles of Advanced and Distributed Simulation},
    series = {PADS '07},
    year = {2007},
    isbn = {0-7695-2898-8},
    pages = {38--44},
    numpages = {7},
    url = {http://dx.doi.org/10.1109/PADS.2007.29},
    doi = {10.1109/PADS.2007.29},
    acmid = {1249010},
    publisher = {IEEE Computer Society},
    address = {Washington, DC, USA}
}

@inproceedings{Foster2001,
 author = {Foster, Nick and Fedkiw, Ronald},
 title = {Practical Animation of Liquids},
 booktitle = {Proceedings of the 28th Annual Conference on Computer Graphics and Interactive Techniques},
 series = {SIGGRAPH '01},
 year = {2001},
 isbn = {1-58113-374-X},
 pages = {23--30},
 numpages = {8},
 url = {http://doi.acm.org/10.1145/383259.383261},
 doi = {10.1145/383259.383261},
 acmid = {383261},
 publisher = {ACM},
 keywords = {Navier-Stokes, animation, computational fluid dynamics, implicit surface, level set, liquids, natural phenomena, particles, semi-Lagrangian, adaptive, temporal adaptivity, fluid}
} 

@inproceedings{Galoppo2006,
 author = {Galoppo, Nico and Otaduy, Miguel A. and Mecklenburg, Paul and Gross, Markus and Lin, Ming C.},
 title = {Fast Simulation of Deformable Models in Contact Using Dynamic Deformation Textures},
 booktitle = {Proceedings of the 2006 ACM SIGGRAPH/Eurographics Symposium on Computer Animation},
 series = {SCA '06},
 year = {2006},
 isbn = {3-905673-34-7},
 location = {Vienna, Austria},
 pages = {73--82},
 numpages = {10},
 url = {http://dl.acm.org/citation.cfm?id=1218064.1218074},
 acmid = {1218074},
 publisher = {Eurographics Association},
 keywords = {adaptive, mixed models, fluid}
} 

@inproceedings{Ganovelli1999,
    author = {Fabio Ganovelli and Paolo Cignoni and Roberto Scopigno},
    title = {Introducing Multiresolution Representation in Deformable Object Modeling},
    year = {1999},
    booktitle = {Proceedings of SCCG99},
    pages={149--158},
    keywords = {adaptive, element refinement, solid}
}

@inproceedings{Gayle2006,
  Title = {Adaptive Dynamics with Efficient Contact Handling for Articulated Robots.},
  author = {Gayle, Russell and Lin, Ming C. and Manocha, Dinesh},
  booktitle = {Robotics: Science and Systems}, 
  publisher = {The MIT Press}, 
  pages = {231--238},
  year = {2006},
  keywords = {adaptive, temporal adaptivity, rigids}
}


@InProceedings{Gayle2007,
  Title                    = {Efficient motion planning of highly articulated chains using physics-based sampling},
  Author                   = {Gayle, Russell and Redon, Stephane and Sud, Avneesh and Lin, Ming C and Manocha, Dinesh},
  Booktitle                = {Robotics and Automation, 2007 IEEE International Conference on},
  Year                     = {2007},
  Organization             = {IEEE},
  Pages                    = {3319--3326},
  keywords = {adaptive, temporal adaptivity, rigids}
}

@article{Gilles2011,
 author = {Gilles, Benjamin and Bousquet, Guillaume and Faure, Francois and Pai, Dinesh K.},
 title = {Frame-based Elastic Models},
 journal = {ACM Trans. Graph.},
 issue_date = {April 2011},
 volume = {30},
 number = {2},
 month = apr,
 year = {2011},
 issn = {0730-0301},
 pages = {15:1--15:12},
 articleno = {15},
 numpages = {12},
 url = {http://doi.acm.org/10.1145/1944846.1944855},
 doi = {10.1145/1944846.1944855},
 acmid = {1944855},
 publisher = {ACM},
 keywords = {Physically-based animation, deformable solids}
} 

@inproceedings{Goswami2014,
    title = {{Regional Time Stepping for SPH}},
    author = {Goswami, Prashant and Batty, Christopher},   
    keywords = {regional time stepping, sph, adaptive, temporal adaptivity, fluid},
    language = {Anglais},
    affiliation = {MAVERICK - Inria Grenoble Rh{\^o}ne-Alpes / LJK Laboratoire Jean Kuntzmann , David R. Cheriton School of Computer Science},
    booktitle = {{Eurographics 2014}},
    publisher = {Eurographics Association},
    pages = {45-48},
    editor = {Eric Galin and Michael Wand },
    audience = {internationale },
    doi = {10.2312/egsh.20141011 },
    year = {2014},
    month = Apr,
    pdf = {http://hal.inria.fr/hal-00980592/PDF/RTS\_2014.pdf}
}

@inproceedings{Goswami2011, 
Author = {Goswami, Prashant and Pajarola, Renato}, Booktitle = {Proceedings Eurographics Workshop on Virtual Reality Interaction and Physical Simulation}, Title = {Time Adaptive Approximate {SPH}}, 
Year = {2011}, 
keywords = {adaptive, temporal adaptivity, fluid}
} 

@inproceedings{Greenwood:2004:BBE:1028523.1028562,
 author = {Greenwood, S. T. and House, D. H.},
 title = {Better with Bubbles: Enhancing the Visual Realism of Simulated Fluid},
 booktitle = {Proceedings of the 2004 ACM SIGGRAPH/Eurographics Symposium on Computer Animation},
 series = {SCA '04},
 year = {2004},
 isbn = {3-905673-14-2},
 location = {Grenoble, France},
 pages = {287--296},
 numpages = {10},
 url = {http://dx.doi.org/10.1145/1028523.1028562},
 doi = {10.1145/1028523.1028562},
 acmid = {1028562},
 publisher = {Eurographics Association},
 address = {Aire-la-Ville, Switzerland, Switzerland},
} 


@article{Grinspun2002,
 author = {Grinspun, Eitan and Krysl, Petr and Schr\"{o}der, Peter},
 title = {CHARMS: A Simple Framework for Adaptive Simulation},
 journal = {ACM Trans. Graph.},
 issue_date = {July 2002},
 volume = {21},
 number = {3},
 month = jul,
 year = {2002},
 issn = {0730-0301},
 pages = {281--290},
 numpages = {10},
 url = {http://doi.acm.org/10.1145/566654.566578},
 doi = {10.1145/566654.566578},
 acmid = {566578},
 publisher = {ACM},
 keywords = {adaptive computation, basis function, multiresolution, refinement relation, subdivision, adaptive, basis refinement, solid, sheets}
} 

@article{Guendelman2003,
 author = {Guendelman, Eran and Bridson, Robert and Fedkiw, Ronald},
 title = {Nonconvex Rigid Bodies with Stacking},
 journal = {ACM Trans. Graph.},
 issue_date = {July 2003},
 volume = {22},
 number = {3},
 month = jul,
 year = {2003},
 issn = {0730-0301},
 pages = {871--878},
 numpages = {8},
 url = {http://doi.acm.org/10.1145/882262.882358},
 doi = {10.1145/882262.882358},
 acmid = {882358},
 publisher = {ACM},
 address = {New York, NY, USA},
 keywords = {collision, contact, friction, nonconvex, rigid bodies}
}

@article{hagen2005visual,
  title={Visual simulation of shallow-water waves},
  author={Hagen, Trond Runar and Hjelmervik, Jon M and Lie, K-A and Natvig, Jostein R and Ofstad Henriksen, M},
  journal={Simulation Modelling Practice and Theory},
  volume={13},
  number={8},
  pages={716--726},
  year={2005},
  publisher={Elsevier}
}

@article{Hahn2014,
 author = {Hahn, Fabian and Thomaszewski, Bernhard and Coros, Stelian and Sumner, Robert W. and Cole, Forrester and Meyer, Mark and DeRose, Tony and Gross, Markus},
 title = {Subspace Clothing Simulation Using Adaptive Bases},
 journal = {ACM Trans. Graph.},
 issue_date = {July 2014},
 volume = {33},
 number = {4},
 month = jul,
 year = {2014},
 issn = {0730-0301},
 pages = {105:1--105:9},
 articleno = {105},
 numpages = {9},
 url = {http://doi.acm.org/10.1145/2601097.2601160},
 doi = {10.1145/2601097.2601160},
 acmid = {2601160},
 publisher = {ACM},
 keywords = {physically-based simulation, subspace simulation, adaptive, basis refinement, cloth}
} 

@book{Hairer1993,
  title={Solving ordinary differential equations {I}: Nonstiff Problems},
  author={Hairer, Ernst and N{\o}rsett, Syvert P. and Wanner, Gerhard},
  year={1993},
  series={Springer Series in Computational Mathematics},
  volume={8},
  publisher={Springer-Verlag}
}

@article{Harmon2009,
 author = {Harmon, David and Vouga, Etienne and Smith, Breannan and Tamstorf, Rasmus and Grinspun, Eitan},
 title = {Asynchronous Contact Mechanics},
 journal = {ACM Trans. Graph.},
 issue_date = {August 2009},
 volume = {28},
 number = {3},
 month = jul,
 year = {2009},
 issn = {0730-0301},
 pages = {87:1--87:12},
 articleno = {87},
 numpages = {12},
 url = {http://doi.acm.org/10.1145/1531326.1531393},
 doi = {10.1145/1531326.1531393},
 acmid = {1531393},
 publisher = {ACM},
 keywords = {collision, contact, simulation, symplectic, variational, adaptive, temporal adaptivity, cloth}
} 

@article{Harmon2013,
 author = {Harmon, David and Zorin, Denis},
 title = {Subspace Integration with Local Deformations},
 journal = {ACM Trans. Graph.},
 issue_date = {July 2013},
 volume = {32},
 number = {4},
 month = jul,
 year = {2013},
 issn = {0730-0301},
 pages = {107:1--107:10},
 articleno = {107},
 numpages = {10},
 url = {http://doi.acm.org/10.1145/2461912.2461922},
 doi = {10.1145/2461912.2461922},
 acmid = {2461922},
 publisher = {ACM},
 keywords = {adaptive, basis refinement, solid}
} 

@article {He2012,
author = {He, Xiaowei and Liu, Ning and Li, Sheng and Wang, Hongan and Wang, Guoping},
title = {Local Poisson SPH For Viscous Incompressible Fluids},
journal = {Computer Graphics Forum},
volume = {31},
number = {6},
publisher = {Blackwell Publishing Ltd},
issn = {1467-8659},
url = {http://dx.doi.org/10.1111/j.1467-8659.2012.03074.x},
doi = {10.1111/j.1467-8659.2012.03074.x},
pages = {1948--1958},
keywords = {Local Poisson SPH, fluid simulation, incompressibility},
keywords = {I.3.7 [Computer Graphics]: Three-Dimensional Graphics and RealismAnimation},
year = {2012},
}

@inproceedings{hegemann2013level,
  title={A level set method for ductile fracture},
  author={Hegemann, Jan and Jiang, Chenfanfu and Schroeder, Craig and Teran, Joseph M},
  booktitle={Proceedings of the 12th ACM SIGGRAPH/Eurographics Symposium on Computer Animation},
  pages={193--201},
  year={2013},
  organization={ACM}
}

@inproceedings{Holmberg2004,
 author = {Holmberg, Nathan and W\"{u}nsche, Burkhard C.},
 title = {Efficient Modeling and Rendering of Turbulent Water over Natural Terrain},
 booktitle = {Proceedings of the 2Nd International Conference on Computer Graphics and Interactive Techniques in Australasia and South East Asia},
 series = {GRAPHITE '04},
 year = {2004},
 isbn = {1-58113-883-0},
 location = {Singapore},
 pages = {15--22},
 numpages = {8},
 url = {http://doi.acm.org/10.1145/988834.988837},
 doi = {10.1145/988834.988837},
 acmid = {988837},
 publisher = {ACM},
 keywords = {physically-based modeling, turbulent water, water simulation, adaptive, mixed models, fluid}
} 

@article{Hong2005,
 author = {Hong, Jeong-Mo and Kim, Chang-Hun},
 title = {Discontinuous Fluids},
 journal = {ACM Trans. Graph.},
 issue_date = {July 2005},
 volume = {24},
 number = {3},
 month = jul,
 year = {2005},
 issn = {0730-0301},
 pages = {915--920},
 numpages = {6},
 url = {http://doi.acm.org/10.1145/1073204.1073283},
 doi = {10.1145/1073204.1073283},
 acmid = {1073283},
 publisher = {ACM},
 keywords = {bubbly water, capillary instability, multi-phase fluid, natural phenomena, surface tension, viscosity, adaptive, element refinement, fluid}
} 

@article{Hong2008Bubbles,
 author = {Hong, Jeong-Mo and Lee, Ho-Young and Yoon, Jong-Chul and Kim, Chang-Hun},
 title = {Bubbles Alive},
 journal = {ACM Trans. Graph.},
 issue_date = {August 2008},
 volume = {27},
 number = {3},
 month = aug,
 year = {2008},
 issn = {0730-0301},
 pages = {48:1--48:4},
 articleno = {48},
 numpages = {4},
 url = {http://doi.acm.org/10.1145/1360612.1360647},
 doi = {10.1145/1360612.1360647},
 acmid = {1360647},
 publisher = {ACM},
 keywords = {bubbles, fluid simulation, grid-based simulation, multiphase fluids, smoothed particle hydrodynamics, adaptive, mixed models, fluid}
}

@article{Hong2008FLIP,
 author = {Hong, Woosuck and House, Donald H. and Keyser, John},
 title = {Adaptive Particles for Incompressible Fluid Simulation},
 journal = {Vis. Comput.},
 issue_date = {July 2008},
 volume = {24},
 number = {7},
 month = jul,
 year = {2008},
 issn = {0178-2789},
 pages = {535--543},
 numpages = {9},
 url = {http://dx.doi.org/10.1007/s00371-008-0234-z},
 doi = {10.1007/s00371-008-0234-z},
 acmid = {1394340},
 publisher = {Springer-Verlag New York, Inc.},
 keywords = {Fluid simulation, Natural phenomenon, Physically based modeling, adaptive element refinement, fluid}
} 

@inproceedings{Hoppe1996,
 author = {Hoppe, Hugues},
 title = {Progressive Meshes},
 booktitle = {Proceedings of the 23rd Annual Conference on Computer Graphics and Interactive Techniques},
 series = {SIGGRAPH '96},
 year = {1996},
 isbn = {0-89791-746-4},
 pages = {99--108},
 numpages = {10},
 url = {http://doi.acm.org/10.1145/237170.237216},
 doi = {10.1145/237170.237216},
 acmid = {237216},
 publisher = {ACM},
 address = {New York, NY, USA},
 keywords = {geometry compression, level of detail, mesh simplification, progressive transmission, shape interpolation},
} 

@TechReport{Horvath2013,
  Title                    = {{Mass Preserving Multi-Scale SPH}},
  Author                   = {Horvath, C and Solenthaler, Barbara},
  Institution              = {Pixar Animation Studios},
  Year                     = {2013},
  Type                     = {Pixar Technical Memo 13-04},
  keywords = {adaptive, element refinement, fluid}
}

@book{Huang2011,
   title = "Adaptive moving mesh methods",
   author = "Huang, Weizhang and Russell, Robert D.",
   series = "Applied mathematical sciences",
   publisher = "Springer",
   url = "http://opac.inria.fr/record=b1134245",
   isbn = "978-1-4419-7915-5",
   year = 2011
}

@inproceedings{Hutchinson1996,
 author = {Hutchinson, Dave and Preston, Martin and Hewitt, Terry},
 title = {Adaptive Refinement for Mass/Spring Simulations},
 booktitle = {Proceedings of the Eurographics Workshop on Computer Animation and Simulation '96},
 year = {1996},
 isbn = {3-211-82885-0},
 location = {Poitiers, France},
 pages = {31--45},
 numpages = {15},
 url = {http://dl.acm.org/citation.cfm?id=274976.274979},
 acmid = {274979},
 publisher = {Springer-Verlag New York, Inc.},
 keywords = {adaptive refinement, computer animation, deformable bodies, simulation, spring-mass approximations, adaptive, element refinement, cloth}
} 

@inproceedings{Ihmsen2010,
  title = {Boundary Handling and Adaptive Time-stepping for PCISPH},
  author = {Markus Ihmsen and Nadir Akinci and Marc Gissler and Matthias Teschner},
  year = {2010},
  doi = {http://dx.doi.org/10.2312/PE/vriphys/vriphys10/079-088},
  researchr = {http://researchr.org/publication/IhmsenAGT10},
  cites = {0},
  citedby = {0},
  pages = {79-88},
  booktitle = {Proceedings of the Seventh Workshop on Virtual Reality Interactions and Physical Simulations, VRIPHYS 2010, Copenhagen, Denmark, 2010},
  editor = {Kenny Erleben and Jan Bender and Matthias Teschner},
  publisher = {Eurographics Association},
  isbn = {978-3-905673-78-4},
  keywords = {adaptive, temporal adaptivity, fluid}
}

@inproceedings {Ihmsen2014,
    booktitle = {Eurographics 2014 - State of the Art Reports},
    editor = {Sylvain Lefebvre and Michela Spagnuolo},
    title = {{SPH Fluids in Computer Graphics}},
    author = {Ihmsen, Markus and Orthmann, Jens and Solenthaler, Barbara and Kolb, Andreas and Teschner, Matthias},
    year = {2014},
    publisher = {The Eurographics Association},
    ISSN = {1017-4656},
    DOI = {10.2312/egst.20141034}
}

@article{Irving2006,
 author = {Irving, Geoffrey and Guendelman, Eran and Losasso, Frank and Fedkiw, Ronald},
 title = {Efficient Simulation of Large Bodies of Water by Coupling Two and Three Dimensional Techniques},
 journal = {ACM Trans. Graph.},
 issue_date = {July 2006},
 volume = {25},
 number = {3},
 month = jul,
 year = {2006},
 issn = {0730-0301},
 pages = {805--811},
 numpages = {7},
 url = {http://doi.acm.org/10.1145/1141911.1141959},
 doi = {10.1145/1141911.1141959},
 acmid = {1141959},
 publisher = {ACM},
 keywords = {Navier-Stokes equations, adaptive simulation, rivers, streams, water, adaptive, element refinement, fluid}
} 

@article{Jefferson1985,
 author = {Jefferson, David R.},
 title = {Virtual Time},
 journal = {ACM Trans. Program. Lang. Syst.},
 issue_date = {July 1985},
 volume = {7},
 number = {3},
 month = jul,
 year = {1985},
 issn = {0164-0925},
 pages = {404--425},
 numpages = {22},
 url = {http://doi.acm.org/10.1145/3916.3988},
 doi = {10.1145/3916.3988},
 acmid = {3988},
 publisher = {ACM},
 address = {New York, NY, USA},
} 

@article{Jiao2007,
 author = {Jiao, Xiangmin},
 title = {Face Offsetting: A Unified Approach for Explicit Moving Interfaces},
 journal = {J. Comput. Phys.},
 issue_date = {January, 2007},
 volume = {220},
 number = {2},
 month = jan,
 year = {2007},
 issn = {0021-9991},
 pages = {612--625},
 numpages = {14},
 url = {http://dx.doi.org/10.1016/j.jcp.2006.05.021},
 doi = {10.1016/j.jcp.2006.05.021},
 acmid = {1223706},
 publisher = {Academic Press Professional, Inc.},
 keywords = {Entropy condition, Face offsetting, Huygens' principle, Interface propagation, Moving meshes, adaptive, moving mesh, fluid}
} 

@article{Jones:2014:DEF,
    author = {Ben Jones and Stephen Ward and Ashok Jallepalli and Joseph Perenia and Adam Bargteil},
    title = {Deformation Embedding for Point-Based Elastoplastic Simulation},
    journal = {ACM Trans. Graph.},
    year = {2014},
    month = {March},
    volume = {33},
    number = {2},
    keywords = {adaptive, element refinement, solid}
}

@inproceedings{Kabul2007,
 author = {Kabul, Ilknur and Gayle, Russell and Lin, Ming C.},
 title = {Cable Route Planning in Complex Environments Using Constrained Sampling},
 booktitle = {Proceedings of the 2007 ACM Symposium on Solid and Physical Modeling},
 series = {SPM '07},
 year = {2007},
 isbn = {978-1-59593-666-0},
 location = {Beijing, China},
 pages = {395--402},
 numpages = {8},
 url = {http://doi.acm.org/10.1145/1236246.1236303},
 doi = {10.1145/1236246.1236303},
 acmid = {1236303},
 publisher = {ACM},
 keywords = {adaptive dynamics, articulated bodies, cable route planning, motion planning, adaptive, temporal adaptivity, rigids}
} 

@inproceedings{kaufmann2009enrichment,
  title={Enrichment textures for detailed cutting of shells},
  author={Kaufmann, Peter and Martin, Sebastian and Botsch, Mario and Grinspun, Eitan and Gross, Markus},
  booktitle={ACM Transactions on Graphics (TOG)},
  volume={28},
  number={3},
  pages={50},
  year={2009},
  organization={ACM}
}

@inproceedings{kass1990rapid,
  title={Rapid, stable fluid dynamics for computer graphics},
  author={Kass, Michael and Miller, Gavin},
  booktitle={ACM SIGGRAPH Computer Graphics},
  volume={24},
  number={4},
  pages={49--57},
  year={1990},
  organization={ACM}
}

@article{Kaufman2014,
 author = {Kaufman, Danny M. and Tamstorf, Rasmus and Smith, Breannan and Aubry, Jean-Marie and Grinspun, Eitan},
 title = {Adaptive Nonlinearity for Collisions in Complex Rod Assemblies},
 journal = {ACM Trans. Graph.},
 issue_date = {July 2014},
 volume = {33},
 number = {4},
 month = jul,
 year = {2014},
 issn = {0730-0301},
 pages = {123:1--123:12},
 articleno = {123},
 numpages = {12},
 url = {http://doi.acm.org/10.1145/2601097.2601100},
 doi = {10.1145/2601097.2601100},
 acmid = {2601100},
 publisher = {ACM},
 keywords = {collisions, hair, rods, simulation, time-integration, adaptive, temporal adaptivity, hair}
} 

@inproceedings{keeler2014ocean,
  title={Ocean waves animation using boundary integral equations and explicit mesh tracking},
  author={Keeler, Todd and Bridson, Robert},
  booktitle={ACM SIGGRAPH 2014 Posters},
  pages={11},
  year={2014},
  organization={ACM}
}

@TechReport{Keiser2006,
  Title                    = {{Multiresolution particle-based fluids}},
  Author                   = {Keiser, R and Adams, B and Dutre, P and Guibas, L J and Pauly, M},
  Institution              = {ETH Zurich},
  Year                     = {2006},
  keywords = {adaptive, element refinement, fluid}
}

@article{Kim2010MultiPhase,
 author = {Kim, Byungmoon},
 title = {Multi-phase Fluid Simulations Using Regional Level Sets},
 journal = {ACM Trans. Graph.},
 issue_date = {December 2010},
 volume = {29},
 number = {6},
 month = dec,
 year = {2010},
 issn = {0730-0301},
 pages = {175:1--175:8},
 articleno = {175},
 numpages = {8},
 url = {http://doi.acm.org/10.1145/1882261.1866197},
 doi = {10.1145/1882261.1866197},
 acmid = {1866197},
 publisher = {ACM},
 keywords = {animation, fluid, level set, simulation, adaptive, element refinement, fluid}
} 

@article{Kim2007,
 author = {Kim, Byungmoon and Liu, Yingjie and Llamas, Ignacio and Jiao, Xiangmin and Rossignac, Jarek},
 title = {Simulation of Bubbles in Foam with the Volume Control Method},
 journal = {ACM Trans. Graph.},
 issue_date = {July 2007},
 volume = {26},
 number = {3},
 month = jul,
 year = {2007},
 issn = {0730-0301},
 articleno = {98},
 url = {http://doi.acm.org/10.1145/1276377.1276500},
 doi = {10.1145/1276377.1276500},
 acmid = {1276500},
 publisher = {ACM},
 keywords = {adaptive, element refinement, fluid}
}

@article{Kim2012,
author={Doyub Kim and Seung Woo Lee and Oh-young Song and Hyeong-Seok Ko},
journal={Visualization and Computer Graphics, IEEE Transactions on},
title={Baroclinic Turbulence with Varying Density and Temperature},
year={2012},
month={Sept},
volume={18},
number={9},
pages={1488-1495},
doi={10.1109/TVCG.2011.264},
ISSN={1077-2626},
keywords = {adaptive, mixed models, fluid}
}

@article{Kim2010Bubbles,
 author = {Kim, Doyub and Song, Oh-young and Ko, Hyeong-Seok},
 title = {A Practical Simulation of Dispersed Bubble Flow},
 journal = {ACM Trans. Graph.},
 issue_date = {July 2010},
 volume = {29},
 number = {4},
 month = jul,
 year = {2010},
 issn = {0730-0301},
 pages = {70:1--70:5},
 articleno = {70},
 numpages = {5},
 url = {http://doi.acm.org/10.1145/1778765.1778807},
 doi = {10.1145/1778765.1778807},
 acmid = {1778807},
 publisher = {ACM},
 keywords = {bubble dynamics, dispersed bubble flow, fluid animation, level set method, two-phase flow, adaptive, mixed models, fluid}
} 

@article{Kim2009Stretching,
 author = {Kim, Doyub and Song, Oh-young and Ko, Hyeong-Seok},
 title = {Stretching and Wiggling Liquids},
 journal = {ACM Trans. Graph.},
 issue_date = {December 2009},
 volume = {28},
 number = {5},
 month = dec,
 year = {2009},
 issn = {0730-0301},
 pages = {120:1--120:7},
 articleno = {120},
 numpages = {7},
 url = {http://doi.acm.org/10.1145/1618452.1618466},
 doi = {10.1145/1618452.1618466},
 acmid = {1618466},
 publisher = {ACM},
 keywords = {Eulerian vortex sheet method, fluid animation, level set method, surface tracking, adaptive, mixed models, fluid}
} 

@inproceedings{Kim2006,
 author = {Kim, Janghee and Cha, Deukhyun and Chang, Byungjoon and Koo, Bonki and Ihm, Insung},
 title = {Practical Animation of Turbulent Splashing Water},
 booktitle = {Proceedings of the 2006 ACM SIGGRAPH/Eurographics Symposium on Computer Animation},
 series = {SCA '06},
 year = {2006},
 isbn = {3-905673-34-7},
 location = {Vienna, Austria},
 pages = {335--344},
 numpages = {10},
 url = {http://dl.acm.org/citation.cfm?id=1218064.1218110},
 acmid = {1218110},
 publisher = {Eurographics Association},
 keywords = {adaptive, mixed models, fluid}
 } 

@article {Kim2008View,
author = {Kim, Sujeong and Redon, Stephane and Kim, Young J.},
title = {View-dependent dynamics of articulated bodies},
journal = {Computer Animation and Virtual Worlds},
volume = {19},
number = {3-4},
publisher = {John Wiley \& Sons, Ltd.},
issn = {1546-427X},
url = {http://dx.doi.org/10.1002/cav.245},
doi = {10.1002/cav.245},
pages = {223--233},
keywords = {dynamics, kinematics, level-of-detail, simulation, articulated bodies, adaptive, element refinement, cloth},
year = {2008},
}

@article{Kim2008Collision,
    hal_id = {inria-00390311},
    url = {http://hal.inria.fr/inria-00390311},
    title = {{Continuous Collision Detection for Adaptive Simulation of Articulated Bodies}},
    author = {Kim, Sujeong and Redon, Stephane and Kim, Young, J.},   
    language = {English},
    affiliation = {EWHA Womans University - EWHA , I3D - INRIA Grenoble Rh{\^o}ne-Alpes / LIG Laboratoire d'Informatique de Grenoble , NANO-D - INRIA Grenoble Rh{\^o}ne-Alpes / LJK Laboratoire Jean Kuntzmann},
    publisher = {Springer-Verlag},
    pages = {261-269},
    journal = {Visual Computer},
    volume = {24},
    number = {4 },
    audience = {international },
    doi = {10.1007/s00371-007-0196-6 },
    year = {2008},
    month = {Apr},
    keywords = {adaptive, temporal adaptivity, rigids}
}

@article{Kim2009Skipping,
 author = {Kim, Theodore and James, Doug L.},
 title = {Skipping Steps in Deformable Simulation with Online Model Reduction},
 journal = {ACM Trans. Graph.},
 issue_date = {December 2009},
 volume = {28},
 number = {5},
 month = dec,
 year = {2009},
 issn = {0730-0301},
 pages = {123:1--123:9},
 articleno = {123},
 numpages = {9},
 url = {http://doi.acm.org/10.1145/1618452.1618469},
 doi = {10.1145/1618452.1618469},
 acmid = {1618469},
 publisher = {ACM},
 keywords = {character skinning, dimensional model reduction, nonlinear solid mechanics, reduced-order modeling, subspace deformation, subspace integration, adaptive, basis refinement, solid}
} 

@article{kim2013closest,
  title={Closest point turbulence for liquid surfaces},
  author={Kim, Theodore and Tessendorf, Jerry and Thuerey, Nils},
  journal={ACM Transactions on Graphics (TOG)},
  volume={32},
  number={2},
  pages={15},
  year={2013},
  publisher={ACM}
}

@article{Klingner2006,
 author = {Klingner, Bryan M. and Feldman, Bryan E. and Chentanez, Nuttapong and O'Brien, James F.},
 title = {Fluid Animation with Dynamic Meshes},
 journal = {ACM Trans. Graph.},
 issue_date = {July 2006},
 volume = {25},
 number = {3},
 month = jul,
 year = {2006},
 issn = {0730-0301},
 pages = {820--825},
 numpages = {6},
 url = {http://doi.acm.org/10.1145/1141911.1141961},
 doi = {10.1145/1141911.1141961},
 acmid = {1141961},
 publisher = {ACM},
 keywords = {computational fluid dynamics, natural phenomena, physically based animation, adaptive, element refinement, fluid}
} 

@inproceedings{Klingner2007,
  title = {Aggressive Tetrahedral Mesh Improvement},
  booktitle = {Proceedings of the 16th International Meshing Roundtable},
  author = {Bryan Matthew Klingner and Jonathan Richard Shewchuk},
  month = oct,
  year = 2007,
  pages = {3--23},
  url = {http://graphics.cs.berkeley.edu/papers/Klingner-ATM-2007-10/}
}

@inproceedings{Koh2014,
  author    = {Woojong Koh and
               Rahul Narain and
               James F. O'Brien},
  title     = {View-Dependent Adaptive Cloth Simulation},
  booktitle = {The Eurographics / {ACM} {SIGGRAPH} Symposium on Computer Animation, {SCA} '14, Copenhagen, Denmark, 2014.},
  year      = {2014},
  pages     = {159--166},
  url       = {http://dx.doi.org/10.2312/sca.20141134},
  doi       = {10.2312/sca.20141134},
  publisher = {Eurographics Association},
  keywords = {adaptive, element refinement, cloth}
}

@inproceedings{Koschier2014,
  author = {Dan Koschier and Sebastian Lipponer and Jan Bender},
  title = {Adaptive Tetrahedral Meshes for Brittle Fracture Simulation},
  booktitle = {Proceedings of the 2014 ACM SIGGRAPH/Eurographics Symposium on Computer
	Animation},
  year = {2014},
  publisher = {Eurographics Association},
  location = {Copenhagen, Denmark},
  keywords = {adaptive, element refinement, solid}
}

@article{Labelle2007,
 author = {Labelle, Fran\c{c}ois and Shewchuk, Jonathan Richard},
 title = {Isosurface Stuffing: Fast Tetrahedral Meshes with Good Dihedral Angles},
 journal = {ACM Trans. Graph.},
 issue_date = {July 2007},
 volume = {26},
 number = {3},
 month = jul,
 year = {2007},
 issn = {0730-0301},
 articleno = {57},
 url = {http://doi.acm.org/10.1145/1276377.1276448},
 doi = {10.1145/1276377.1276448},
 acmid = {1276448},
 publisher = {ACM},
 keywords = {dihedral angle, isosurface, tetrahedral mesh generation}
} 

@article {Lax1956,
author = {Lax, P. D. and Richtmyer, R. D.},
title = {Survey of the stability of linear finite difference equations},
journal = {Communications on Pure and Applied Mathematics},
volume = {9},
number = {2},
publisher = {Wiley Subscription Services, Inc., A Wiley Company},
issn = {1097-0312},
url = {http://dx.doi.org/10.1002/cpa.3160090206},
doi = {10.1002/cpa.3160090206},
pages = {267--293},
year = {1956},
}

@article{layton2002numerically,
  title={A numerically efficient and stable algorithm for animating water waves},
  author={Layton, Anita T and van de Panne, Michiel},
  journal={The Visual Computer},
  volume={18},
  number={1},
  pages={41--53},
  year={2002},
  publisher={Springer}
}

@article{Lew2004,
author = {A. Lew and J. E. Marsden and M. Ortiz and M. West},
title = {Variational time integrators},
journal = {Int. J. Numer. Methods Eng},
year = {2004},
volume = {60},
pages = {153--212}
}

@inproceedings{Li2005,
 author = {Li, Ling and Volkov, Vasily},
 title = {Cloth Animation with Adaptively Refined Meshes},
 booktitle = {Proceedings of the Twenty-eighth Australasian Conference on Computer Science - Volume 38},
 series = {ACSC '05},
 year = {2005},
 isbn = {1-920-68220-1},
 location = {Newcastle, Australia},
 pages = {107--113},
 numpages = {7},
 url = {http://dl.acm.org/citation.cfm?id=1082161.1082173},
 acmid = {1082173},
 publisher = {Australian Computer Society, Inc.},
 address = {Darlinghurst, Australia, Australia},
 keywords = {adaptive mesh, cloth animation, refinement and simplification},
}

@article{Li2013,
 author = {Li, Duo and Sueda, Shinjiro and Neog, Debanga R. and Pai, Dinesh K.},
 title = {Thin Skin Elastodynamics},
 journal = {ACM Trans. Graph.},
 issue_date = {July 2013},
 volume = {32},
 number = {4},
 month = jul,
 year = {2013},
 issn = {0730-0301},
 pages = {49:1--49:10},
 articleno = {49},
 numpages = {10},
 url = {http://doi.acm.org/10.1145/2461912.2462008},
 doi = {10.1145/2461912.2462008},
 acmid = {2462008},
 publisher = {ACM},
 keywords = {constrained simulation, eulerian simulation, faces, hands, physically-based simulation, skin, adaptive, mixed models, sheets}
} 

@ARTICLE{Losasso2005,
    author = {Frank Losasso and Ronald Fedkiw and Stanley Osher},
    title = {Spatially adaptive techniques for level set methods and incompressible flow},
    journal = {Computers and Fluids},
    year = {2005},
    volume = {35},
    keywords = {adaptive, element refinement, fluid}
}

@article{Losasso2004,
 author = {Losasso, Frank and Gibou, Fr{\'e}d{\'e}ric and Fedkiw, Ron},
 title = {Simulating Water and Smoke with an Octree Data Structure},
 journal = {ACM Trans. Graph.},
 issue_date = {August 2004},
 volume = {23},
 number = {3},
 month = aug,
 year = {2004},
 issn = {0730-0301},
 pages = {457--462},
 numpages = {6},
 url = {http://doi.acm.org/10.1145/1015706.1015745},
 doi = {10.1145/1015706.1015745},
 acmid = {1015745},
 publisher = {ACM},
 keywords = {adaptive mesh refinement, level set, octree data structure, particles, physics-based animation, smoke, water, adaptive, element refinement, fluid}
} 

@article{Losasso2008,
 author = {Losasso, Frank and Talton, Jerry and Kwatra, Nipun and Fedkiw, Ronald},
 title = {Two-Way Coupled SPH and Particle Level Set Fluid Simulation},
 journal = {IEEE Transactions on Visualization and Computer Graphics},
 issue_date = {July 2008},
 volume = {14},
 number = {4},
 month = jul,
 year = {2008},
 issn = {1077-2626},
 pages = {797--804},
 numpages = {8},
 url = {http://dx.doi.org/10.1109/TVCG.2008.37},
 doi = {10.1109/TVCG.2008.37},
 acmid = {1373251},
 publisher = {IEEE Educational Activities Department},
 keywords = {Animation, Animation, Physically based modeling, Physically based modeling, adaptive, mixed models, fluid}
} 

@inproceedings{Manteaux2013,
    hal_id = {hal-00914653},
    url = {http://hal.inria.fr/hal-00914653},
    title = {{Exploring the Use of Adaptively Restrained Particles for Graphics Simulations}},
    author = {Manteaux, Pierre-Luc and Faure, Fran{\c c}ois and Redon, Stephane and Cani, Marie-Paule},
    keywords = {Motion;Physically based modeling;Adaptivity;Particle system, adaptive, temporal adaptivity, fluid},
    language = {Anglais},
    affiliation = {IMAGINE - Inria Grenoble Rh{\^o}ne-Alpes / LJK Laboratoire Jean Kuntzmann , NANO-D - INRIA Grenoble Rh{\^o}ne-Alpes / LJK Laboratoire Jean Kuntzmann},
    booktitle = {{VRIPHYS 2013 - 10th Workshop on Virtual Reality Interaction and Physical Simulation}},
    publisher = {Eurographics Association},
    pages = {17-24},
    audience = {internationale },
    doi = {10.2312/PE.vriphys.vriphys13.017-024 },
    year = {2013},
    month = Sep,
    pdf = {http://hal.inria.fr/hal-00914653/PDF/arps-vriphys2013.pdf}
}

@inproceedings{Mirtich2000,
    author = {Mirtich, Brian},
    title = {Timewarp Rigid Body Simulation},
    booktitle = {Proceedings of the 27th Annual Conference on Computer Graphics and Interactive Techniques},
    series = {SIGGRAPH '00},
    year = {2000},
    isbn = {1-58113-208-5},
    pages = {193--200},
    numpages = {8},
    url = {http://dx.doi.org/10.1145/344779.344866},
    doi = {10.1145/344779.344866},
    acmid = {344866},
    publisher = {ACM Press/Addison-Wesley Publishing Co.},
    address = {New York, NY, USA},
    keywords = {animation, physics based modeling},
} 

@article{Misztal2012a,
 author = {Misztal, Marek Krzysztof and B{\ae}rentzen, Jakob Andreas},
 title = {Topology-adaptive Interface Tracking Using the Deformable Simplicial Complex},
 journal = {ACM Trans. Graph.},
 issue_date = {May 2012},
 volume = {31},
 number = {3},
 month = jun,
 year = {2012},
 issn = {0730-0301},
 pages = {24:1--24:12},
 articleno = {24},
 numpages = {12},
 url = {http://doi.acm.org/10.1145/2167076.2167082},
 doi = {10.1145/2167076.2167082},
 acmid = {2167082},
 publisher = {ACM},
 keywords = {Deformable models, surface tracking, tetrahedral meshes, adaptive, element refinement, fluid}
} 

@inproceedings{Misztal2012b,
 author = {Misztal, M. K. and Erleben, K. and Bargteil, A. and Fursund, J. and Christensen, B. Bunch and B{\ae}rentzen, J. A. and Bridson, R.},
 title = {Multiphase Flow of Immiscible Fluids on Unstructured Moving Meshes},
 booktitle = {Proceedings of the ACM SIGGRAPH/Eurographics Symposium on Computer Animation},
 series = {SCA '12},
 year = {2012},
 isbn = {978-3-905674-37-8},
 location = {Lausanne, Switzerland},
 pages = {97--106},
 numpages = {10},
 url = {http://dl.acm.org/citation.cfm?id=2422356.2422372},
 acmid = {2422372},
 publisher = {Eurographics Association},
 keywords = {adaptive, element refinement, fluid}
} 

@inproceedings{Molino2003,
  author    = {Neil Molino and
               Robert Bridson and
               Joseph Teran and
               Ronald Fedkiw},
  title     = {A Crystalline, Red Green Strategy for Meshing Highly Deformable Objects
               with Tetrahedra},
  booktitle = {{IMR}},
  year      = {2003},
  pages     = {103--114},
  url       = {http://www.andrew.cmu.edu/user/sowen/abstracts/Mo975.html},
  timestamp = {Tue, 16 Sep 2014 12:08:30 +0200},
  biburl    = {http://dblp.uni-trier.de/rec/bib/conf/imr/MolinoBTF03},
  bibsource = {dblp computer science bibliography, http://dblp.org}
}

@inproceedings{molino2005virtual,
  title={A virtual node algorithm for changing mesh topology during simulation},
  author={Molino, Neil and Bao, Zhaosheng and Fedkiw, Ron},
  booktitle={ACM SIGGRAPH 2005 Courses},
  pages={4},
  year={2005},
  organization={ACM}
}

@article{Monaghan1992,
    author = {Monaghan, J.~J.},
    title = {Smoothed particle hydrodynamics},
    journal = {Annual Review of Astronomy and Astrophysics},
    year = {1992},
    volume = {30},
    pages = {543-574}
}

@article{Monaghan2005,
  author={Monaghan J.~J.},
  title={Smoothed particle hydrodynamics},
  journal={Reports on Progress in Physics},
  volume={68},
  number={8},
  pages={1703},
  year={2005}
}	

@INPROCEEDINGS{Morin2007,
author={Morin, S. and Redon, S.},
booktitle={Robotics and Automation, 2007 IEEE International Conference on},
title={A Force-Feedback Algorithm for Adaptive Articulated-Body Dynamics Simulation},
year={2007},
month={April},
pages={3245-3250},
keywords={adaptive systems;divide and conquer methods;force feedback;haptic interfaces;adaptive articulated-body dynamics simulation;force feedback;haptic interaction;logarithmic complexity;multithreaded structure;Computational modeling;Displays;Equations;Fluid dynamics;Force feedback;Haptic interfaces;Heuristic algorithms;Proteins;Robots;Virtual environment},
doi={10.1109/ROBOT.2007.363973},
ISSN={1050-4729},
keywords = {adaptive, temporal adaptivity, rigids}
}

@article{Mould1997,
  author    = {David Mould and
               Yee{-}Hong Yang},
  title     = {Modeling water for computer graphics},
  journal   = {Computers {\&} Graphics},
  year      = {1997},
  volume    = {21},
  number    = {6},
  pages     = {801--814},
  url       = {http://dx.doi.org/10.1016/S0097-8493(97)00059-9},
  doi       = {10.1016/S0097-8493(97)00059-9},
  timestamp = {Tue, 16 Sep 2014 12:10:43 +0200},
  biburl    = {http://dblp.uni-trier.de/rec/bib/journals/cg/MouldY97},
  bibsource = {dblp computer science bibliography, http://dblp.org},
  keywords = {adaptive, mixed models, fluid}
}

@inproceedings{Muller2003,
 author = {M\"{u}ller, Matthias and Charypar, David and Gross, Markus},
 title = {Particle-based Fluid Simulation for Interactive Applications},
 booktitle = {Proceedings of the 2003 ACM SIGGRAPH/Eurographics Symposium on Computer Animation},
 series = {SCA '03},
 year = {2003},
 isbn = {1-58113-659-5},
 location = {San Diego, California},
 pages = {154--159},
 numpages = {6},
 url = {http://dl.acm.org/citation.cfm?id=846276.846298},
 acmid = {846298},
 publisher = {Eurographics Association}
} 

@inproceedings{Muller2004,
 author = {M\"{u}ller, M. and Keiser, R. and Nealen, A. and Pauly, M. and Gross, M. and Alexa, M.},
 title = {Point Based Animation of Elastic, Plastic and Melting Objects},
 booktitle = {Proceedings of the 2004 ACM SIGGRAPH/Eurographics Symposium on Computer Animation},
 series = {SCA '04},
 year = {2004},
 isbn = {3-905673-14-2},
 location = {Grenoble, France},
 pages = {141--151},
 numpages = {11},
 url = {http://dx.doi.org/10.1145/1028523.1028542},
 doi = {10.1145/1028523.1028542},
 acmid = {1028542},
 publisher = {Eurographics Association}
} 

@article{Narain2013,
 author = {Narain, Rahul and Pfaff, Tobias and O'Brien, James F.},
 title = {Folding and Crumpling Adaptive Sheets},
 journal = {ACM Trans. Graph.},
 issue_date = {July 2013},
 volume = {32},
 number = {4},
 month = jul,
 year = {2013},
 issn = {0730-0301},
 pages = {51:1--51:8},
 articleno = {51},
 numpages = {8},
 url = {http://doi.acm.org/10.1145/2461912.2462010},
 doi = {10.1145/2461912.2462010},
 acmid = {2462010},
 publisher = {ACM},
 keywords = {bending, cloth simulation, paper, plastic deformation, thin sheets, adaptive, element refinement, sheets}
} 

@article{Narain2012,
 author = {Narain, Rahul and Samii, Armin and O'Brien, James F.},
 title = {Adaptive Anisotropic Remeshing for Cloth Simulation},
 journal = {ACM Trans. Graph.},
 issue_date = {November 2012},
 volume = {31},
 number = {6},
 month = nov,
 year = {2012},
 issn = {0730-0301},
 pages = {152:1--152:10},
 articleno = {152},
 numpages = {10},
 url = {http://doi.acm.org/10.1145/2366145.2366171},
 doi = {10.1145/2366145.2366171},
 acmid = {2366171},
 publisher = {ACM},
 keywords = {anisotropic remeshing, augmented Lagrangian method, cloth simulation, dynamic remeshing, strain limiting, adaptive, element refinement, cloth}
} 

@inproceedings{OBrien1995,
 author = {O'Brien, J. F. and Hodgins, J. K.},
 title = {Dynamic Simulation of Splashing Fluids},
 booktitle = {Proceedings of the Computer Animation},
 series = {CA '95},
 year = {1995},
 isbn = {0-8186-7062-2},
 pages = {198--},
 url = {http://dl.acm.org/citation.cfm?id=791214.791474},
 acmid = {791474},
 publisher = {IEEE Computer Society},
 keywords = {computer animation, computer-generated animation, digital simulation, dynamic behavior, dynamic simulation, fluids, physics computing, splashes, splashing fluid simulation, video frames, waves, adaptive, mixed models, fluid}
} 

@article{Orthmann2012,
 author = {Orthmann, Jens and Kolb, Andreas},
 title = {Temporal Blending for Adaptive SPH},
 journal = {Comp. Graph. Forum},
 issue_date = {December 2012},
 volume = {31},
 number = {8},
 month = dec,
 year = {2012},
 issn = {0167-7055},
 pages = {2436--2449},
 numpages = {14},
 url = {http://dx.doi.org/10.1111/j.1467-8659.2012.03186.x},
 doi = {10.1111/j.1467-8659.2012.03186.x},
 acmid = {2393484},
 publisher = {John Wiley \& Sons, Inc.},
 keywords = {I.3.7 [Computer Graphics]: Three-Dimensional Graphics and Realism-Animation, adaptive, element refinement, fluid}
} 

@inproceedings{Otaduy2007,
 author = {Otaduy, Miguel A. and Germann, Daniel and Redon, Stephane and Gross, Markus},
 title = {Adaptive Deformations with Fast Tight Bounds},
 booktitle = {Proceedings of the 2007 ACM SIGGRAPH/Eurographics Symposium on Computer Animation},
 series = {SCA '07},
 year = {2007},
 isbn = {978-1-59593-624-0},
 location = {San Diego, California},
 pages = {181--190},
 numpages = {10},
 url = {http://dl.acm.org/citation.cfm?id=1272690.1272715},
 acmid = {1272715},
 publisher = {Eurographics Association},
 keywords={adaptive, element refinement, solid}
} 

@inproceedings{Pai2014,
 author = {Pai, Dinesh K. and Levin, David I. W. and Fan, Ye},
 title = {Eulerian Solids for Soft Tissue and More},
 booktitle = {ACM SIGGRAPH 2014 Courses},
 series = {SIGGRAPH '14},
 year = {2014},
 isbn = {978-1-4503-2962-0},
 location = {Vancouver, Canada},
 pages = {22:1--22:151},
 articleno = {22},
 numpages = {151},
 url = {http://doi.acm.org/10.1145/2614028.2615413},
 doi = {10.1145/2614028.2615413},
 acmid = {2615413},
 publisher = {ACM},
 address = {New York, NY, USA},
 keywords = {adaptive, moving mesh, solid}
} 

@inproceedings{Patkar2013,
 author = {Patkar, Saket and Aanjaneya, Mridul and Karpman, Dmitriy and Fedkiw, Ronald},
 title = {A Hybrid Lagrangian-Eulerian Formulation for Bubble Generation and Dynamics},
 booktitle = {Proceedings of the 12th ACM SIGGRAPH/Eurographics Symposium on Computer Animation},
 series = {SCA '13},
 year = {2013},
 isbn = {978-1-4503-2132-7},
 location = {Anaheim, California},
 pages = {105--114},
 numpages = {10},
 url = {http://doi.acm.org/10.1145/2485895.2485912},
 doi = {10.1145/2485895.2485912},
 acmid = {2485912},
 publisher = {ACM},
 keywords = {bubbles, cavitation, entrainment, water, adaptive, mixed models, fluid}
} 

@article{Pauly2005,
 author = {Pauly, Mark and Keiser, Richard and Adams, Bart and Dutr{\'e}, Philip and Gross, Markus and Guibas, Leonidas J.},
 title = {Meshless Animation of Fracturing Solids},
 journal = {ACM Trans. Graph.},
 issue_date = {July 2005},
 volume = {24},
 number = {3},
 month = jul,
 year = {2005},
 issn = {0730-0301},
 pages = {957--964},
 numpages = {8},
 url = {http://doi.acm.org/10.1145/1073204.1073296},
 doi = {10.1145/1073204.1073296},
 acmid = {1073296},
 publisher = {ACM},
 keywords = {elasticity, fracture, meshless methods, physics-based animation, plasticity, adaptive, element refinement, solid}
} 

@article{Pfaff2014,
 author = {Pfaff, Tobias and Narain, Rahul and de Joya, Juan Miguel and O'Brien, James F.},
 title = {Adaptive Tearing and Cracking of Thin Sheets},
 journal = {ACM Trans. Graph.},
 issue_date = {July 2014},
 volume = {33},
 number = {4},
 month = jul,
 year = {2014},
 issn = {0730-0301},
 pages = {110:1--110:9},
 articleno = {110},
 numpages = {9},
 url = {http://doi.acm.org/10.1145/2601097.2601132},
 doi = {10.1145/2601097.2601132},
 acmid = {2601132},
 publisher = {ACM},
 keywords = {bending, cracking, fracture simulation, plastic deformation, shells, tearing, thin sheets, adaptive, element refinement, sheets}
} 

@article{Pfaff2010,
 author = {Pfaff, Tobias and Thuerey, Nils and Cohen, Jonathan and Tariq, Sarah and Gross, Markus},
 title = {Scalable Fluid Simulation Using Anisotropic Turbulence Particles},
 journal = {ACM Trans. Graph.},
 issue_date = {December 2010},
 volume = {29},
 number = {6},
 month = dec,
 year = {2010},
 issn = {0730-0301},
 pages = {174:1--174:8},
 articleno = {174},
 numpages = {8},
 url = {http://doi.acm.org/10.1145/1882261.1866196},
 doi = {10.1145/1882261.1866196},
 acmid = {1866196},
 publisher = {ACM},
 keywords = {fluid simulation, physically based animation, turbulence, adaptive, mixed models, fluid}
} 

@article{Pfaff2012,
 author = {Pfaff, Tobias and Thuerey, Nils and Gross, Markus},
 title = {Lagrangian Vortex Sheets for Animating Fluids},
 journal = {ACM Trans. Graph.},
 issue_date = {July 2012},
 volume = {31},
 number = {4},
 month = jul,
 year = {2012},
 issn = {0730-0301},
 pages = {112:1--112:8},
 articleno = {112},
 numpages = {8},
 url = {http://doi.acm.org/10.1145/2185520.2185608},
 doi = {10.1145/2185520.2185608},
 acmid = {2185608},
 publisher = {ACM},
 keywords = {fluid simulation, turbulence, adaptive, mixed models, fluid}
} 

@article{Pfaff2009,
 author = {Pfaff, Tobias and Thuerey, Nils and Selle, Andrew and Gross, Markus},
 title = {Synthetic Turbulence Using Artificial Boundary Layers},
 journal = {ACM Trans. Graph.},
 issue_date = {December 2009},
 volume = {28},
 number = {5},
 month = dec,
 year = {2009},
 issn = {0730-0301},
 pages = {121:1--121:10},
 articleno = {121},
 numpages = {10},
 url = {http://doi.acm.org/10.1145/1618452.1618467},
 doi = {10.1145/1618452.1618467},
 acmid = {1618467},
 publisher = {ACM},
 keywords = {fluid simulation, physically based animation, turbulence, adaptive, mixed mode, fluid}
}

@incollection{Provot1997,
year={1997},
isbn={978-3-211-83048-2},
booktitle={Computer Animation and Simulation '97},
series={Eurographics},
editor={Thalmann, Daniel and van de Panne, Michiel},
doi={10.1007/978-3-7091-6874-5_13},
title={Collision and self-collision handling in cloth model dedicated to design garments},
url={http://dx.doi.org/10.1007/978-3-7091-6874-5_13},
publisher={Springer Vienna},
author={Provot, Xavier},
pages={177-189},
language={English}
}

@inproceedings{Raveendran2011,
 author = {Raveendran, Karthik and Wojtan, Chris and Turk, Greg},
 title = {Hybrid Smoothed Particle Hydrodynamics},
 booktitle = {Proceedings of the 2011 ACM SIGGRAPH/Eurographics Symposium on Computer Animation},
 series = {SCA '11},
 year = {2011},
 isbn = {978-1-4503-0923-3},
 location = {Vancouver, British Columbia, Canada},
 pages = {33--42},
 numpages = {10},
 url = {http://doi.acm.org/10.1145/2019406.2019411},
 doi = {10.1145/2019406.2019411},
 acmid = {2019411},
 publisher = {ACM},
 keywords = {adaptive, mixed models, fluid}
} 

@article{Redon2005,
 author = {Redon, Stephane and Galoppo, Nico and Lin, Ming C.},
 title = {Adaptive Dynamics of Articulated Bodies},
 journal = {ACM Trans. Graph.},
 issue_date = {July 2005},
 volume = {24},
 number = {3},
 month = jul,
 year = {2005},
 issn = {0730-0301},
 pages = {936--945},
 numpages = {10},
 url = {http://doi.acm.org/10.1145/1073204.1073294},
 doi = {10.1145/1073204.1073294},
 acmid = {1073294},
 publisher = {ACM},
 keywords = {articulated bodies, dynamics, kinematics, level-of-detail, simulation, adaptive, temporal adaptivity, rigids}
} 

@article{Redon2006,
    hal_id = {inria-00390322},
    url = {http://hal.inria.fr/inria-00390322},
    title = {{An Efficient, Error-Bounded Approximation Algorithm for Simulating Quasi-Statics of Complex Linkages}},
    author = {Redon, Stephane and Lin, Ming, C.},
    language = {Anglais},
    affiliation = {University of North Carolina at Chapel Hill},
    publisher = {Elsevier},
    journal = {Computer-Aided Design},
    audience = {internationale },
    year = {2006},
    pdf = {http://hal.inria.fr/inria-00390322/PDF/CAD2006.pdf},
    keywords = {adaptive, temporal adaptivity, rigids}
}

@article{remillard2013embedded,
  title={Embedded thin shells for wrinkle simulation},
  author={R{\'e}millard, Olivier and Kry, Paul G},
  journal={ACM Transactions on Graphics (TOG)},
  volume={32},
  number={4},
  pages={50},
  year={2013},
  publisher={ACM}
}

@inproceedings{robinson2008two,
  title={Two-way coupling of fluids to rigid and deformable solids and shells},
  author={Robinson-Mosher, Avi and Shinar, Tamar and Gretarsson, Jon and Su, Jonathan and Fedkiw, Ronald},
  booktitle={ACM Transactions on Graphics (TOG)},
  volume={27},
  number={3},
  pages={46},
  year={2008},
  organization={ACM}
}

@PhdThesis{Schmidl2002,
  Title                    = {Optimization-based animation},
  Author                   = {Schmidl, H.},
  School                   = {The University of Miami},
  Year                     = {2002},
  keywords = {adaptive, temporal adaptivity, rigids}
}

@article{Seiler2011,
 author = {Seiler, Martin and Steinemann, Denis and Spillmann, Jonas and Harders, Matthias},
 title = {Robust Interactive Cutting Based on an Adaptive Octree Simulation Mesh},
 journal = {Vis. Comput.},
 issue_date = {June 2011},
 volume = {27},
 number = {6-8},
 month = jun,
 year = {2011},
 issn = {0178-2789},
 pages = {519--529},
 numpages = {11},
 url = {http://dx.doi.org/10.1007/s00371-011-0561-3},
 doi = {10.1007/s00371-011-0561-3},
 acmid = {1989118},
 publisher = {Springer-Verlag New York, Inc.},
 keywords = {Adaptive simulation, Cutting, Octree, adaptive, element refinement, solid}
} 

@article{Selle2005,
 author = {Selle, Andrew and Rasmussen, Nick and Fedkiw, Ronald},
 title = {A Vortex Particle Method for Smoke, Water and Explosions},
 journal = {ACM Trans. Graph.},
 issue_date = {July 2005},
 volume = {24},
 number = {3},
 month = jul,
 year = {2005},
 issn = {0730-0301},
 pages = {910--914},
 numpages = {5},
 url = {http://doi.acm.org/10.1145/1073204.1073282},
 doi = {10.1145/1073204.1073282},
 acmid = {1073282},
 publisher = {ACM},
 keywords = {explosions, fluids, smoke, vortex methods, water, adaptive, mixed models, fluid}
} 

@Article{Servin2008,
  Title                    = {{Adaptive resolution in physics based virtual environments}},
  Author                   = {Servin, M and Lacoursiere, C and Nordfelth, F},
  Journal                  = {SIGRAD 2008},
  Year                     = {2008},
  keywords = {adaptive, element refinement, rods}
}

@ARTICLE{Servin2011,
author={Servin, M. and Lacoursi\`ere, C. and Nordfelth, F. and Bodin, K.},
journal={Visualization and Computer Graphics, IEEE Transactions on},
title={Hybrid, Multiresolution Wires with Massless Frictional Contacts},
year={2011},
month={July},
volume={17},
number={7},
pages={970-982},
doi={10.1109/TVCG.2010.122},
ISSN={1077-2626},
keywords = {adaptive, mixed models, rods} 
}

@inproceedings{Shah2004,
 author = {Shah, Maurya and Cohen, Jonathan M. and Patel, Sanjit and Lee, Penne and Pighin, Fr{\'e}d{\'e}ric},
 title = {Extended Galilean Invariance for Adaptive Fluid Simulation},
 booktitle = {Proceedings of the 2004 ACM SIGGRAPH/Eurographics Symposium on Computer Animation},
 series = {SCA '04},
 year = {2004},
 isbn = {3-905673-14-2},
 location = {Grenoble, France},
 pages = {213--221},
 numpages = {9},
 url = {http://dx.doi.org/10.1145/1028523.1028551},
 doi = {10.1145/1028523.1028551},
 acmid = {1028551},
 publisher = {Eurographics Association},
 keywords = {adaptive, moving mesh, fluid}
} 

@article{Shewchuk2002,
title={What is a good linear finite element? interpolation, conditioning, anisotropy, and quality measures (preprint)},
author={Shewchuk, J},
journal={University of California at Berkeley},
volume={73},
year={2002}
}

@inproceedings{Shi2004,
  Title                    = {Visual smoke simulation with adaptive octree refinement},
  Author                   = {Shi, Lin and Yu, Yizhou},
  Booktitle                = {Proceedings of the Seventh IASTED International Conference on Computer Graphics and Imaging},
  Year                     = {2004},
  Pages                    = {13--19},
  keywords = {adaptive, element refinement, fluid}
}

@inproceedings{shinar2008two,
  title={Two-way coupling of rigid and deformable bodies},
  author={Shinar, Tamar and Schroeder, Craig and Fedkiw, Ronald},
  booktitle={Proceedings of the 2008 ACM SIGGRAPH/Eurographics Symposium on Computer Animation},
  pages={95--103},
  year={2008},
  organization={Eurographics Association}
}

@inproceedings{sifakis2007arbitrary,
  title={Arbitrary cutting of deformable tetrahedralized objects},
  author={Sifakis, Eftychios and Der, Kevin G and Fedkiw, Ronald},
  booktitle={Proceedings of the 2007 ACM SIGGRAPH/Eurographics symposium on Computer animation},
  pages={73--80},
  year={2007},
  organization={Eurographics Association}
}

@inproceedings{Sifakis2007,
 author = {Sifakis, Eftychios and Shinar, Tamar and Irving, Geoffrey and Fedkiw, Ronald},
 title = {Hybrid Simulation of Deformable Solids},
 booktitle = {Proceedings of the 2007 ACM SIGGRAPH/Eurographics Symposium on Computer Animation},
 series = {SCA '07},
 year = {2007},
 isbn = {978-1-59593-624-0},
 location = {San Diego, California},
 pages = {81--90},
 numpages = {10},
 url = {http://dl.acm.org/citation.cfm?id=1272690.1272702},
 acmid = {1272702},
 publisher = {Eurographics Association},
 keywords = {adaptive, mixed models, solid}
} 

@inproceedings{Simnett2009,
AUTHOR = "Timothy J. R. Simnett and Stephen D. Laycock and Andy M. Day",
TITLE = "An Edge-based Approach to Adaptively Refining a Mesh for Cloth Deformation",
BOOKTITLE = "TPCG",
PAGES = {77-84},
YEAR = {2009}, 
keywords = {adaptive, element refinement, cloth}
}

@article{Solenthaler2009,
 author = {Solenthaler, B. and Pajarola, R.},
 title = {Predictive-corrective Incompressible SPH},
 journal = {ACM Trans. Graph.},
 issue_date = {August 2009},
 volume = {28},
 number = {3},
 month = jul,
 year = {2009},
 issn = {0730-0301},
 pages = {40:1--40:6},
 articleno = {40},
 numpages = {6},
 url = {http://doi.acm.org/10.1145/1531326.1531346},
 doi = {10.1145/1531326.1531346},
 acmid = {1531346},
 publisher = {ACM},
 address = {New York, NY, USA},
 keywords = {SPH, fluid simulation, incompressibility},
} 

@article{Solenthaler2011,
 author = {Solenthaler, Barbara and Gross, Markus},
 title = {Two-scale Particle Simulation},
 journal = {ACM Trans. Graph.},
 issue_date = {July 2011},
 volume = {30},
 number = {4},
 month = jul,
 year = {2011},
 issn = {0730-0301},
 pages = {81:1--81:8},
 articleno = {81},
 numpages = {8},
 url = {http://doi.acm.org/10.1145/2010324.1964976},
 doi = {10.1145/2010324.1964976},
 acmid = {1964976},
 publisher = {ACM},
 keywords = {SPH, fluid simulation, level of detail, two-scale, adaptive, element refinement, fluid}
} 

@article{Spillmann2008,
  author    = {Jonas Spillmann and
               Matthias Teschner},
  title     = {An Adaptive Contact Model for the Robust Simulation of Knots},
  journal   = {Comput. Graph. Forum},
  year      = {2008},
  volume    = {27},
  number    = {2},
  pages     = {497--506},
  url       = {http://dx.doi.org/10.1111/j.1467-8659.2008.01147.x},
  doi       = {10.1111/j.1467-8659.2008.01147.x},
  timestamp = {Tue, 16 Sep 2014 12:49:23 +0200},
  biburl    = {http://dblp.uni-trier.de/rec/bib/journals/cgf/SpillmannT08},
  bibsource = {dblp computer science bibliography, http://dblp.org},
  keywords = {adaptive, element refinement, rods}
}

@inproceedings{Stam1999,
 author = {Stam, Jos},
 title = {Stable Fluids},
 booktitle = {Proceedings of the 26th Annual Conference on Computer Graphics and Interactive Techniques},
 series = {SIGGRAPH '99},
 year = {1999},
 isbn = {0-201-48560-5},
 pages = {121--128},
 numpages = {8},
 url = {http://dx.doi.org/10.1145/311535.311548},
 doi = {10.1145/311535.311548},
 acmid = {311548},
 publisher = {ACM Press/Addison-Wesley Publishing Co.},
 address = {New York, NY, USA},
 keywords = {Navier-Stokes, advected textures, animation of fluids, gaseous phenomena, implicit elliptic PDE solvers, interactive modeling, stable solvers},
}

@article{Steinemann2009,
title = "Splitting meshless deforming objects with explicit surface tracking ",
journal = "Graphical Models ",
volume = "71",
number = "6",
pages = "209 - 220",
year = "2009",
note = "2006 ACM SIGGRAPH/Eurographics Symposium on Computer Animation (SCA 2006) ",
issn = "1524-0703",
doi = "http://dx.doi.org/10.1016/j.gmod.2008.12.004",
url = "http://www.sciencedirect.com/science/article/pii/S1524070309000034",
author = "Denis Steinemann and Miguel A. Otaduy and Markus Gross"
}

@article{Stern2009,
    author = {Ari Stern and Eitan Grinspun},
    doi = {10.1137/080732936},
    eprint = {0808.2239},
    fjournal = {Multiscale Modeling \& Simulation. A SIAM Interdisciplinary Journal},
    journal = {Multiscale Model. Simul.},
    number = {4},
    pages = {1779--1794},
    primaryclass = {math.NA},
    title = {Implicit-Explicit Variational Integration of Highly Oscillatory Problems},
    volume = {7},
    year = {2009}
}

@book{Strikwerda2004,
author = {Strikwerda, J.},
title = {Finite Difference Schemes and Partial Differential Equations, Second Edition},
publisher = {Society for Industrial and Applied Mathematics},
year = {2004},
doi = {10.1137/1.9780898717938},
address = {},
edition   = {},
URL = {http://epubs.siam.org/doi/abs/10.1137/1.9780898717938},
eprint = {http://epubs.siam.org/doi/pdf/10.1137/1.9780898717938}
}

@article{Sueda2011,
 author = {Sueda, Shinjiro and Jones, Garrett L. and Levin, David I. W. and Pai, Dinesh K.},
 title = {Large-scale Dynamic Simulation of Highly Constrained Strands},
 journal = {ACM Trans. Graph.},
 issue_date = {July 2011},
 volume = {30},
 number = {4},
 month = jul,
 year = {2011},
 issn = {0730-0301},
 pages = {39:1--39:10},
 articleno = {39},
 numpages = {10},
 url = {http://doi.acm.org/10.1145/2010324.1964934},
 doi = {10.1145/2010324.1964934},
 acmid = {1964934},
 publisher = {ACM},
 keywords = {constrained strands, elastic rods, lagrangian mechanics, physically-based simulation, thin solids, adaptive, mixed models, rods}
}

@article{Teng2015,
author = {Teng, Yun and Meyer, Mark and DeRose, Tony and Kim, Theodore},
title = {Subspace Condensation: Full Space Adaptivity for Subspace Deformations},
journal = {ACM Trans. Graph.},
issue_date = {August 2015},
volume = {34},
number = {4},
month = jul,
year = {2015},
issn = {0730-0301},
pages = {76:1--76:9},
articleno = {76},
numpages = {9},
url = {http://doi.acm.org/10.1145/2766904},
doi = {10.1145/2766904},
acmid = {2766904},
publisher = {ACM},
address = {New York, NY, USA},
keywords = {character simulation, collision resolution, cubature, static condensation, subspace integration}
} 

@article{teran2005creating,
  title={Creating and simulating skeletal muscle from the visible human data set},
  author={Teran, Joseph and Sifakis, Eftychios and Blemker, Silvia S and Ng-Thow-Hing, Victor and Lau, Cynthia and Fedkiw, Ronald},
  journal={Visualization and Computer Graphics, IEEE Transactions on},
  volume={11},
  number={3},
  pages={317--328},
  year={2005},
  publisher={IEEE}
}

@article{Terzopoulos1987,
 author = {Terzopoulos, Demetri and Platt, John and Barr, Alan and Fleischer, Kurt},
 title = {Elastically Deformable Models},
 journal = {SIGGRAPH Comput. Graph.},
 issue_date = {July 1987},
 volume = {21},
 number = {4},
 month = aug,
 year = {1987},
 issn = {0097-8930},
 pages = {205--214},
 numpages = {10},
 url = {http://doi.acm.org/10.1145/37402.37427},
 doi = {10.1145/37402.37427},
 acmid = {37427},
 publisher = {ACM},
} 

@article{tessendorf2004interactive,
  title={Interactive water surfaces},
  author={Tessendorf, Jerry},
  journal={Game Programming Gems},
  volume={4},
  pages={265--274},
  year={2004}
}

@article{Thomaszewski2008,
  title={Asynchronous cloth simulation},
  author={Thomaszewski, Bernhard and Pabst, Simon and Stra{\ss}er, Wolfgang},
  journal={Computer Graphics International},
  year={2008},
  keywords = {adaptive, temporal adaptivity, cloth}
}

@inproceedings{Thurey2006,
 author = {Th\"{u}rey, Nils and R\"{u}de, Ulrich and Stamminger, Marc},
 title = {Animation of Open Water Phenomena with Coupled Shallow Water and Free Surface Simulations},
 booktitle = {Proceedings of the 2006 ACM SIGGRAPH/Eurographics Symposium on Computer Animation},
 series = {SCA '06},
 year = {2006},
 isbn = {3-905673-34-7},
 location = {Vienna, Austria},
 pages = {157--164},
 numpages = {8},
 url = {http://dl.acm.org/citation.cfm?id=1218064.1218086},
 acmid = {1218086},
 publisher = {Eurographics Association},
 keywords = {adaptive, mixed models, fluid}
} 

@article{Thurey2010,
 author = {Th\"{u}rey, Nils and Wojtan, Chris and Gross, Markus and Turk, Greg},
 title = {A Multiscale Approach to Mesh-based Surface Tension Flows},
 journal = {ACM Trans. Graph.},
 issue_date = {July 2010},
 volume = {29},
 number = {4},
 month = jul,
 year = {2010},
 issn = {0730-0301},
 pages = {48:1--48:10},
 articleno = {48},
 numpages = {10},
 url = {http://doi.acm.org/10.1145/1778765.1778785},
 doi = {10.1145/1778765.1778785},
 acmid = {1778785},
 publisher = {ACM},
 keywords = {fluid simulation, physically based animation, surface tension, adaptive, mixed models, fluid}
} 

@inproceedings{Tournier2014,
    hal_id = {hal-00975220},
    url = {http://hal.inria.fr/hal-00975220},
    title = {{Seamless Adaptivity of Elastic Models}},
    author = {Tournier, Maxime and Nesme, Matthieu and Faure, Fran{\c c}ois and Gilles, Benjamin},
    language = {English},
    affiliation = {DEMAR - INRIA Sophia Antipolis , Laboratoire d'Informatique de Robotique et de Micro{\'e}lectronique de Montpellier - LIRMM , IMAGINE - Inria Grenoble Rh{\^o}ne-Alpes / LJK Laboratoire Jean Kuntzmann},
    booktitle = {{Graphics Interface}},
    publisher = {Canadian Information Processing Society Toronto},
    pages = {17-24},
    editor = {Paul G. Kry and Andrea Bunt },
    audience = {international },
    year = {2014},
    month = {May},
    keywords = {adaptive, element refinement, solid}
}

@article{Villard2005,
 author = {Villard, J. and Borouchaki, H.},
 title = {Adaptive Meshing for Cloth Animation},
 journal = {Eng. with Comput.},
 issue_date = {August 2005},
 volume = {20},
 number = {4},
 month = aug,
 year = {2005},
 issn = {0177-0667},
 pages = {333--341},
 numpages = {9},
 url = {http://dx.doi.org/10.1007/s00366-005-0302-1},
 doi = {10.1007/s00366-005-0302-1},
 acmid = {1081076},
 publisher = {Springer-Verlag},
 keywords = {3D design, Adaptive meshing, Cloth animation, Multi-grid methods, adaptive, element refinement, cloth}
} 

@article{Wang2013,
 author = {Wang, Chang-Bo and Zhang, Qiang and Kong, Fan-Long and Qin, Hong},
 title = {Hybrid Particle-grid Fluid Animation with Enhanced Details},
 journal = {Vis. Comput.},
 issue_date = {September 2013},
 volume = {29},
 number = {9},
 month = sep,
 year = {2013},
 issn = {0178-2789},
 pages = {937--947},
 numpages = {11},
 url = {http://dx.doi.org/10.1007/s00371-013-0849-6},
 doi = {10.1007/s00371-013-0849-6},
 acmid = {2509117},
 publisher = {Springer-Verlag New York, Inc.},
 keywords = {Enhanced details, Fluid animation, Hybrid particle---grid simulation, Two-way interaction, adaptive, mixed models, fluid}
} 

@article{wang2014adaptive,
  title={An Adaptive Virtual Node Algorithm with Robust Mesh Cutting},
  author={Wang, Yuting and Jiang, Chenfanfu and Schroeder, Craig and Teran, Joseph},
  year={2014},
  publisher={The Eurographics Association}
}

@article{Wicke2010,
 author = {Wicke, Martin and Ritchie, Daniel and Klingner, Bryan M. and Burke, Sebastian and Shewchuk, Jonathan R. and O'Brien, James F.},
 title = {Dynamic Local Remeshing for Elastoplastic Simulation},
 journal = {ACM Trans. Graph.},
 issue_date = {July 2010},
 volume = {29},
 number = {4},
 month = jul,
 year = {2010},
 issn = {0730-0301},
 pages = {49:1--49:11},
 articleno = {49},
 numpages = {11},
 url = {http://doi.acm.org/10.1145/1778765.1778786},
 doi = {10.1145/1778765.1778786},
 acmid = {1778786},
 publisher = {ACM},
 keywords = {adaptive refinement, dynamic meshing, elastoplasticity, finite element simulation, fracture, local remeshing, plasticity, adaptive, element refinement, solid}
} 

@article{Wojtan2008,
 author = {Wojtan, Chris and Turk, Greg},
 title = {Fast Viscoelastic Behavior with Thin Features},
 journal = {ACM Trans. Graph.},
 issue_date = {August 2008},
 volume = {27},
 number = {3},
 month = aug,
 year = {2008},
 issn = {0730-0301},
 pages = {47:1--47:8},
 articleno = {47},
 numpages = {8},
 url = {http://doi.acm.org/10.1145/1360612.1360646},
 doi = {10.1145/1360612.1360646},
 acmid = {1360646},
 publisher = {ACM},
 keywords = {computational fluid dynamics, deformable models, explicit surface, finite element method, free-form deformation, viscoelastic behavior}
} 

@InProceedings{Wu2014:STAR,
  author =       {Jun Wu and R{\"{u}}diger Westermann and Christian Dick},
  title =        {Physically-based Simulation of Cuts in Deformable Bodies: A Survey},
  booktitle =    {Eurographics 2014 State-of-the-Art Report},
  pages =        {1--19},
  year =         {2014},
  publisher = 	 {Eurographics Association},
  keywords = {adaptive, element refinement, solid}
}

@Article{Wu2013,
  Title                    = {Efficient Collision Detection for Composite Finite Element Simulation of Cuts in Deformable Bodies},
  Author                   = {Jun Wu and Christian Dick and R{\"{u}}diger Westermann},
  Journal                  = {The Visual Computer (Proc. CGI 2013)},
  Year                     = {2013},
  Number                   = {6-8},
  Pages                    = {739--749},
  Volume                   = {29},
  keywords = {adaptive, element refinement, solid}
}

@InProceedings{Wu2011,
  Title                    = {Interactive High-Resolution Boundary Surfaces for Deformable Bodies with Changing Topology},
  Author                   = {Jun Wu and Christian Dick and R{\"{u}}diger Westermann},
  Booktitle                = {Proceedings of 8th Workshop on Virtual Reality Interaction and Physical Simulation (VRIPHYS) 2011},
  Year                     = {2011},
  Pages                    = {29--38},
  keywords = {adaptive, element refinement, solid}
}

@Article{Wu2014,
  Title                    = {Real-Time Haptic Cutting of High Resolution Soft Tissues},
  Author                   = {Jun Wu and R{\"{u}}diger Westermann and Christian Dick},
  Journal                  = {Studies in Health Technology and Informatics (Proc. Medicine Meets Virtual Reality 2014)},
  Year                     = {2014},
  Note                     = {Published by IOS Press},
  Pages                    = {469--475},
  Volume                   = {196},
  keywords = {adaptive, element refinement, solid}
}

@Article{Wu2001,
  Title                    = {Adaptive Nonlinear Finite Elements for Deformable Body Simulation Using Dynamic Progressive Meshes},
  Author                   = {Wu, Xunlei and Downes, Michael S. and Goktekin, Tolga and Tendick, Frank},
  Journal                  = {Computer Graphics Forum},
  Year                     = {2001},
  pages = {349-358},
  number = {3},
  volume = {20},
  Publisher                = {Blackwell Publishers Ltd},
  keywords = {adaptive, element refinement, solid}
}

@article{Yan2009,
 author = {Yan, He and Wang, Zhangye and He, Jian and Chen, Xi and Wang, Changbo and Peng, Qunsheng},
 title = {Real-time Fluid Simulation with Adaptive SPH},
 journal = {Comput. Animat. Virtual Worlds},
 issue_date = {June 2009},
 volume = {20},
 number = {2-3},
 month = jun,
 year = {2009},
 issn = {1546-4261},
 pages = {417--426},
 numpages = {10},
 url = {http://dx.doi.org/10.1002/cav.v20:2/3},
 doi = {10.1002/cav.v20:2/3},
 acmid = {1568695},
 publisher = {John Wiley and Sons Ltd.},
 keywords = {GPU, adaptive SPH, adaptive surface tension model, physically based fluid simulation, adaptive, element refinement, fluid}
} 

@article {Yu2012,
author = {Yu, Jihun and Wojtan, Chris and Turk, Greg and Yap, Chee},
title = {Explicit Mesh Surfaces for Particle Based Fluids},
journal = {Computer Graphics Forum},
volume = {31},
number = {2pt4},
publisher = {Blackwell Publishing Ltd},
issn = {1467-8659},
url = {http://dx.doi.org/10.1111/j.1467-8659.2012.03062.x},
doi = {10.1111/j.1467-8659.2012.03062.x},
pages = {815--824},
keywords = {I.3.5 [Computer Graphics]: Computational Geometry and Object Modeling---Physically based modeling, I.3.7 [Computer Graphics]: Three-Dimensional Graphics and Realism---Animation},
year = {2012},
}


@inproceedings{Zhang2008,
 author = {Zhang, Yanci and Solenthaler, Barbara and Pajarola, Renato},
 title = {Adaptive Sampling and Rendering of Fluids on the GPU},
 booktitle = {Proceedings of the Fifth Eurographics / IEEE VGTC Conference on Point-Based Graphics},
 series = {SPBG'08},
 year = {2008},
 isbn = {978-3-905674-12-5},
 location = {Los Angeles, CA},
 pages = {137--146},
 numpages = {10},
 url = {http://dx.doi.org/10.2312/VG/VG-PBG08/137-146},
 doi = {10.2312/VG/VG-PBG08/137-146},
 acmid = {2386433},
 publisher = {Eurographics Association},
 keywords = {adaptive, element refinement, fluid}
} 

@article{Zhu2013,
 author = {Zhu, Bo and Lu, Wenlong and Cong, Matthew and Kim, Byungmoon and Fedkiw, Ronald},
 title = {A New Grid Structure for Domain Extension},
 journal = {ACM Trans. Graph.},
 issue_date = {July 2013},
 volume = {32},
 number = {4},
 month = jul,
 year = {2013},
 issn = {0730-0301},
 pages = {63:1--63:12},
 articleno = {63},
 numpages = {12},
 url = {http://doi.acm.org/10.1145/2461912.2461999},
 doi = {10.1145/2461912.2461999},
 acmid = {2461999},
 publisher = {ACM},
 keywords = {boundary conditions, fluid simulation, grids, adaptive, moving mesh, fluid}
} 

@article{Zhu2014,
 author = {Zhu, Bo and Quigley, Ed and Cong, Matthew and Solomon, Justin and Fedkiw, Ronald},
 title = {Codimensional Surface Tension Flow on Simplicial Complexes},
 journal = {ACM Trans. Graph.},
 issue_date = {July 2014},
 volume = {33},
 number = {4},
 month = jul,
 year = {2014},
 issn = {0730-0301},
 pages = {111:1--111:11},
 articleno = {111},
 numpages = {11},
 url = {http://doi.acm.org/10.1145/2601097.2601201},
 doi = {10.1145/2601097.2601201},
 acmid = {2601201},
 publisher = {ACM},
 keywords = {codimension, incompressible, surface tension, adaptivity, element refinement, fluid}
} 

@article{Zhu2005,
 author = {Zhu, Yongning and Bridson, Robert},
 title = {Animating Sand As a Fluid},
 journal = {ACM Trans. Graph.},
 issue_date = {July 2005},
 volume = {24},
 number = {3},
 month = jul,
 year = {2005},
 issn = {0730-0301},
 pages = {965--972},
 numpages = {8},
 url = {http://doi.acm.org/10.1145/1073204.1073298},
 doi = {10.1145/1073204.1073298},
 acmid = {1073298},
 publisher = {ACM},
 keywords = {animation, physical simulation, sand, water}
} 

